3209 4925
1108 400 1636 453 nis-romanus:
1685 402 1832 451 mn.
1879 402 1950 452 ν.
2451 384 2630 453 w

431 412 487 464 J.
508 414 571 463 e.
592 408 701 473 ra]

432 552 639 629 visse,
686 548 869 634 quod
894 549 1135 614 totiens
1164 546 1469 611 Rhenum
1496 545 2015 611 transcenderint
2035 553 2082 613 ε·
2155 548 2241 614 si³
2271 545 2434 631 qnid
2455 546 2634 614 dim

430 654 810 729 moliantur,
840 651 995 715 inde
1020 648 1333 733 injuriam
1380 654 1447 713 et
1490 648 1780 733 culpam,
1807 649 1964 713 hinc
1995 648 2322 715 ultionem
2345 654 2411 712 et
2441 648 2630 713 Deos

430 754 470 818 f
578 755 615 820 .'

460 772 628 921 οἶδ.
674 854 1125 919 Miscebantur
1168 852 1367 917 minis
1406 854 1762 937 promissa.
1855 852 1962 931 Et,
2011 872 2336 918 concussu
2381 852 2632 919 Trans-

426 958 861 1023 rhenanorum
890 956 1041 1033 fide,
1072 956 1243 1019 inter
1264 956 1565 1021 Batavos
1592 976 1857 1040 quoque
1883 974 2220 1021 sermones
2245 957 2409 1021 orti:
2457 960 2478 990 ‘
2494 973 2630 1021 non

428 1060 915 1143 prorogandam
934 1058 1113 1123 ultra
1130 1060 1387 1123 ruinam
1411 1082 1426 1121 :
1470 1078 1595 1123 nec
1621 1078 1826 1141 posse
1853 1059 1942 1123 ab
1970 1076 2106 1121 nna
2131 1058 2396 1121 natione
2425 1058 2628 1122 totius

422 1162 619 1230 orbis
643 1163 988 1227 servitium
1016 1161 1277 1244 depelli.
1368 1160 1553 1241 Quid
1584 1161 1973 1245 perfectum¹
2007 1159 2191 1224 caede
2219 1164 2285 1221 et
2311 1158 2630 1223 incendiis

428 1262 780 1346 legionum,
810 1262 945 1325 nisi
990 1268 1066 1326 ut
1108 1262 1328 1345 plures
1360 1263 1850 1345 validioresque
1873 1262 2288 1325 accirentur'l
2351 1259 2428 1323 Si
2457 1257 2632 1323 Ves-

432 1365 719 1446 pasiano
745 1365 988 1429 bellum
1039 1364 1477 1441 navaverint,²
1494 1371 1535 1400 ¹¹¹
1584 1364 2076 1448 Vespasianum
2127 1381 2340 1427 rerum
2389 1360 2586 1442 potiri
2610 1381 2630 1441 3

434 1467 535 1529 sin
563 1464 896 1549 Populum
948 1465 1325 1529 Romanum
1372 1466 1571 1529 armis
1616 1470 2018 1549 provocent,³
2060 1469 2328 1546 quotam
2373 1466 2630 1544 partem

424 1568 689 1649 generis
737 1567 1029 1631 humani'
1077 1567 1371 1631 Batavos
1424 1584 1573 1629 esse
1594 1567 1626 1629 ‘l
1689 1567 2090 1649 respicerent
2117 1562 2398 1627 Rhaetos
2428 1560 2634 1627 Nori-²·

433 1685 691 1750 cosque
720 1672 818 1731 et*
846 1674 1205 1733 ceterorum
1236 1685 1435 1731 onera
1460 1669 1794 1733 sociorum
1815 1688 1836 1731 ι
1889 1667 2020 1730 sihi
2048 1685 2182 1730 non
2209 1667 2481 1742 tributa,
2511 1664 2631 1729 sed

431 1769 764 1834 virtutem⁵
794 1772 861 1831 et
892 1769 1094 1833 viros⁰
1124 1767 1368 1833 indici:
1412 1768 1790 1852 proximum
1817 1768 1886 1831 id
1915 1768 2200 1832 libertati
2225 1788 2244 1848 3
2304 1771 2394 1845 et,
2426 1767 2485 1830 si
2513 1765 2630 1830 do-

432 2015 489 2059 et
510 2010 633 2059 satis
654 2009 950 2075 deliquisse,
968 2012 1104 2073 quod
1128 2011 1285 2061 toties
1307 2008 1495 2060 flumen
1518 2008 1924 2060 transmiserint:
1960 2008 2002 2058 si
2027 2006 2146 2073 quid
2174 2012 2432 2071 praeterea
2453 2019 2632 2071 aggre-

430 2075 658 2136 diantur,
682 2076 803 2123 inde
826 2074 1159 2125 offensionem
1185 2082 1240 2123 et
1259 2076 1449 2133 scelus,
1467 2074 1586 2123 hinc
1611 2076 1886 2123 vindictam
1911 2072 2024 2122 fore
2047 2080 2102 2122 et
2123 2074 2369 2122 Numina.

498 2139 653 2187 Minis
668 2140 1043 2201 adjungebantur
1074 2142 1323 2203 promissa.
1388 2139 1477 2203 Et,
1498 2146 1653 2189 emota
1672 2140 1934 2188 madentia
1955 2138 2312 2198 Ger-manorum,
2329 2136 2455 2199 apud
2478 2134 2630 2185 Bata·

428 2218 509 2252 m
526 2204 669 2253 etiam
688 2209 840 2267 eoepta
859 2204 1109 2269 muoqnim
1158 2205 1279 2254 Non
1320 2204 1705 2266 propellendam
1727 2206 1863 2252 ultra
1899 2202 2178 2265 perniciem
2201 2217 2214 2249 ε
2265 2215 2363 2249 nec
2389 2213 2538 2262 posse
2561 2199 2630 2247 ab

430 2274 707 2343 una-gente
731 2268 955 2317 omnium
991 2270 1293 2332 populorum
1314 2268 1618 2317 servitutem
1641 2266 1928 2317 deturbari.
1993 2266 2134 2317 Quid
2165 2271 2434 2328 peractum
2469 2263 2632 2313 inter·

428 2344 647 2381 necione
680 2332 1025 2383 Romanorum
1048 2341 1104 2382 et
1125 2332 1365 2381 crematis
1386 2333 1571 2381 castris
1595 2333 1872 2395 legionum,
1895 2331 1994 2380 nisi
2013 2338 2072 2379 ut
2097 2330 2266 2392 plures
2287 2328 2632 2390 fortioresque

430 2397 857 2447 accerserentur?
902 2396 955 2444 si
988 2412 1082 2460 pro
1109 2397 1429 2459 Vespasiano
1450 2397 1640 2446 bellurn
1664 2398 1941 2455 moverint,
1965 2394 2338 2457 Vespasianum
2360 2391 2634 2454 imperium

430 2460 698 2520 obtinere3
750 2460 885 2526 qnod
910 2461 952 2510 si
978 2461 1223 2525 populum
1247 2463 1395 2510 Rom.
1420 2460 1575 2510 armis
1609 2460 1886 2523 lacessant,
1909 2466 2117 2525 quotam
2141 2465 2342 2521 partem
2366 2455 2506 2505 orbis
2532 2463 2632 2504 ter·

430 2538 598 2574 rarum
637 2526 862 2575 Batavos
896 2527 1048 2575 esse?
1094 2525 1405 2587 spectarent
1441 2526 1652 2574 Rliaetos
1688 2533 1744 2574 et
1784 2526 2022 2583 Noricos,
2046 2531 2102 2572 et
2124 2524 2335 2570 aliorum
2376 2520 2633 2569 sociorum

432 2589 656 2639 tributa:
693 2589 817 2652 ipsis
840 2605 941 2638 non
961 2590 1255 2654 vectigalia,
1270 2590 1361 2638 sed
1378 2605 1519 2640 arma
1540 2591 1777 2655 virosque
1795 2589 2066 2653 imperari:
2102 2586 2268 2636 simile
2290 2584 2344 2634 id
2363 2584 2596 2634 libertati
2615 2599 2631 2644 ς

1353 2726 1712 2748 “eecce-'0000

430 2831 543 2894 bus,
556 2835 833 2893 ρει-πίπτεις
865 2830 947 2893 [et
967 2829 1043 2878 sic
1064 2827 1295 2890 Ryckius
1320 2833 1375 2875 et
1390 2825 1646 2888 Gronov]
1686 2825 1992 2875 Brona—2
2023 2825 2125 2874 Ms.
2143 2824 2254 2875 Jes.
2275 2819 2636 2872 transcenderit.

428 2900 526 2944 -8
562 2895 661 2945 Ms.
687 2895 835 2944 Harl.
858 2897 939 2942 sed
960 2895 1091 2956 quid.
1160 2893 1262 2940 Ms-
1283 2891 1394 2941 Jes.
1415 2891 1497 2938 sed
1518 2890 1646 2952 quia.

496 2965 523 3008 1
559 2960 689 3008 Mss.
716 2959 867 3008 Harl.
891 2957 1043 3006 Bodl.
1065 2957 1175 3008 Jes.
1199 2957 1312 3018 quid
1332 2953 1710 3017 profectum—2
1745 2953 1846 3001 Ms.
1869 2951 2023 3001 Bodl.
2047 2949 2274 2999 secunda
2294 2963 2467 3008 manu,
2485 2963 2631 2997 aava·

430 3028 710 3073 oman-⁸
744 3023 850 3071 Ms.
872 3022 1097 3070 Budens.
1121 3024 1395 3068 vocante-4
1428 3014 1608 3068 ,lactat
1635 3019 1906 3066 Rhenanus
1930 3030 1986 3065 se
2009 3015 2278 3063 inseruisse
2303 3013 2630 3076 particulam,

428 3093 493 3138 et.
560 3089 754 3136 Verum
781 3087 917 3135 illam
949 3086 1059 3149 jam
1096 3083 1321 3132 habebat
1360 3083 1695 3138 Puteolanus.
1730 3081 2042 3130 Bretina—5
2076 3079 2164 3127 Sic
2189 3079 2320 3128 bene
2362 3078 2463 3128 Ma.
2491 3077 2634 3124 Flor-

428 3151 633 3216 Lipsius
655 3159 711 3202 et
733 3151 1066 3200 recentiores.
1132 3149 1263 3197 Mss.
1290 3147 1437 3197 Harl.
1460 3147 1612 3197 Bodl.
1634 3146 1746 3197 Jes.
1769 3153 1822 3194 et
1848 3144 2184 3206 Puteolanus,
2206 3143 2420 3192 vir-tutes.
2474 3140 2632 3189 Frus-

1419 3293 1633 3344 NOTAE

493 3423 529 3449 ¹¹·
574 3413 633 3464 Si
674 3412 951 3477 Vespasiano
987 3409 1157 3460 bellum
1192 3405 1489 3468 novacen-iat]

424 3492 481 3542 si
510 3505 605 3556 pro
628 3489 861 3554 partibus
882 3485 1188 3550 Vespasiani
1212 3483 1489 3533 sumserint

424 3585 589 3632 arnna,
610 3569 653 3618 si
676 3583 787 3618 eam
810 3567 886 3615 illi
900 3615 907 3623 ,
920 3581 1134 3630 operam
1152 3563 1488 3627 militiamque

424 3645 683 3697 navarint.

490 3728 517 3754 ³
564 3721 771 3776 Quotam
816 3724 1005 3782 partem
1049 3716 1238 3779 generis
1268 3715 1486 3778 humaui]

426 3798 591 3850 Quasi
628 3810 751 3845 vero
790 3810 941 3844 omne
996 3809 1156 3857 genus
1190 3794 1488 3842 mortalium

422 3873 703 3924 inserviret
758 3871 973 3934 imperio
1015 3871 1163 3919 Rom.
1209 3876 1265 3918 et
1319 3875 1486 3917 tamen

424 3948 643 4013 qnotula
680 3961 797 4010 pars
844 3947 983 3996 orbis
1022 3947 1321 3994 immensum
1360 3944 1485 3993 illud

422 4023 731 4087 imperium?
758 4023 878 4086 quid
906 4019 1487 4083 reliquusSeptemtrio?

425 4101 555 4165 quid
577 4100 795 4152 Parthi?
841 4107 932 4147 aut
963 4097 1118 4146 ludi?
1162 4095 1285 4159 quid
1308 4095 1489 4144 Africa

426 4178 696 4228 universa?
748 4177 867 4240 quid
890 4183 1125 4224 ceterum
1146 4189 1307 4237 genus
1331 4174 1488 4223 homi-

422 4257 581 4306 nnm?
628 4255 769 4320 quod
792 4259 965 4304 mente
986 4259 1045 4302 et
1073 4267 1166 4316 spe
1184 4265 1488 4316 presumse-

1568 3412 1688 3456 rant
1707 3406 1801 3468 illi,
1819 3404 2044 3456 nondum
2065 3401 2479 3466 cognoscebant?

1633 3491 1656 3516 ⁰
1689 3485 1788 3533 Sed
1807 3485 2031 3532 virtutem
2043 3487 2090 3530 et
2111 3479 2260 3542 ciros]
2307 3479 2390 3528 Sic
2433 3478 2522 3528 lib.
2560 3477 2628 3528 de

1570 3561 1708 3608 Mor.
1731 3559 1906 3609 Germ.
1932 3559 1947 3584 ‘
1974 3556 2182 3604 Exemii
2198 3555 2436 3604 oneribus
2453 3562 2509 3603 et
2526 3555 2632 3605 col-

1570 3635 1864 3694 lationibus,
1895 3640 1952 3680 et
1985 3639 2182 3679 rantum
2216 3631 2270 3678 iu
2305 3645 2452 3678 nsum
2495 3643 2630 3692 prn-

1566 3711 1750 3761 liorum
1773 3710 2022 3772 sepositi3
2055 3705 2197 3756 velut
2217 3707 2324 3756 tela
2358 3711 2516 3770 atque
2549 3719 2632 3754 ar-

1567 3803 1671 3848 ma,
1692 3789 1839 3836 bellis
1863 3783 2223 3834 reservantur?

1640 3863 1874 3913 Virtutem
1894 3868 1941 3911 et
1955 3859 2106 3922 viros]
2129 3859 2384 3922 Intelligit
2398 3858 2630 3908 homines

1568 3950 1825 3998 strenuos,
1851 3939 1913 3987 ad
1938 3953 2082 3987 arma
2116 3945 2169 3984 et
2208 3936 2453 3985 virtutem
2485 3933 2630 3984 belli·

1568 4032 1684 4066 cam
1707 4015 1936 4079 genitos3
1985 4027 2079 4062 nec
2118 4013 2224 4061 tale
2259 4011 2505 4060 tributum
2537 4024 2628 4058 ex·

1570 4094 1722 4156 primi
1761 4090 1980 4141 nobilius
2019 4089 2206 4151 potuit.
2287 4087 2368 4136 Ab
2407 4085 2519 4136 aliis
2548 4099 2630 4136 so-

1566 4171 1660 4218 ciis
1685 4169 1956 4232 pecuniam
1978 4172 2034 4218 et
2052 4179 2178 4228 opes
2209 4164 2442 4230 exigunt,
2475 4177 2506 4212 a
2525 4162 2629 4214 13·-

1565 4245 1700 4296 tavis
1719 4245 1944 4294 virtutem
1963 4247 2012 4294 et
2029 4241 2177 4292 viros.
