3209 4925
473 368 535 425 s.
561 370 622 423 c.
641 364 755 431 soa
2500 346 2676 415 2727

483 508 988 590 Gallorumque*
1029 504 1322 568 obnoxia
1367 464 1611 568 morbis
1658 512 1965 586 corpora¹
2010 503 2329 567 fluminis!
2366 504 2679 573 aviditas·

477 614 552 673 ‘et
597 614 804 673 aestus
845 606 1252 689 impatientia
1307 606 1636 670 labefecit.
1726 604 2011 688 Insuper
2070 604 2403 681 confusus,
2455 608 2675 689 pravi-

483 700 650 772 tates
671 708 773 771 vel
805 707 1078 784 ambitu,
1110 706 1269 803 ordo
1295 706 1570 769 militiae.
1661 704 1967 769 Sedecim
1998 705 2370 783 Praetoriae,
2395 710 2675 789 quatuor

1201 360 1730 412 HISTORIARUM
1779 363 1851 411 Li
1864 364 1925 414 Β.
1975 364 2061 413 11.

474 934 621 983 prope
647 920 801 982 ripam
834 918 1136 978 tendebant,
1168 916 1341 967 morbis
1375 916 1582 967 &noxit
1653 918 1893 966 Proetereu
1920 923 2168 981 compens
2194 918 2543 981 permixtusque
2560 904 2674 967 orde

479 990 752 1047 ramorum,
788 983 1086 1044 magnum
1123 984 1196 1031 sel
1233 982 1507 1031 ambitione.
1589 980 1895 1043 Legebantur
1930 984 2131 1031 sedecim
2166 982 2377 1032 eoum-tes
2412 982 2671 1047 prataria,

1395 1109 1755 1141 “nece-&0060

475 1222 604 1271 Mss.
643 1222 787 1272 Harl.
827 1222 980 1271 Bodl.
1017 1222 1124 1273 Jes.
1162 1227 1218 1271 et
1255 1221 1589 1283 Puteolanus,
1625 1221 1886 1282 adiacentia
1912 1221 2088 1285 Tiberi,
2122 1222 2203 1285 [et
2223 1222 2299 1269 sic
2320 1216 2666 1283 Gronovius]

475 1286 626 1337 Quod
651 1287 866 1336 retinuit
901 1288 982 1335 Ol.
1017 1288 1286 1343 Ernestus,
1311 1284 1432 1335 dnm
1454 1291 1679 1343 constet,
1704 1286 1884 1347 jecere,
1920 1292 2011 1335 aut
2031 1287 2261 1345 adiacere,
2282 1284 2347 1331 de
2377 1282 2671 1334 fluminibus

475 1348 596 1397 dici.
664 1351 836 1409 Certe,
857 1350 1123 1409 adiacentia
1141 1350 1272 1397 tueri
1306 1350 1427 1397 licet
1460 1348 1774 1397 anctoritate
1800 1350 1975 1409 Plinii,
1998 1363 2071 1399 vr.
2100 1354 2177 1398 17.
2211 1350 2225 1375 ‘
2253 1346 2497 1397 Indorum
2556 1360 2669 1413 ens,

473 1426 576 1459 non
595 1412 704 1460 Eoo
729 1418 929 1461 tantum
957 1413 1083 1460 mari
1119 1412 1378 1474 adjacens,
1403 1426 1578 1459 verum
1612 1418 1665 1459 et
1701 1412 2016 1461 meridiano.'
2069 1413 2378 1460 Erotion—4
2412 1412 2499 1460 Sic
2598 1422 2666 1459 ne

475 1474 602 1523 Mas.
629 1476 778 1523 Harl.
804 1476 954 1523 Bodl.
987 1474 1096 1524 Jes.
1130 1474 1450 1524 Puteolanus
1470 1482 1526 1522 et
1550 1476 1890 1523 recentiores.
1925 1475 2181 1537 Corrupte
2204 1476 2305 1523 Ma.
2324 1474 2477 1524 Corb.
2503 1475 2667 1523 Gada-

473 1550 656 1587 ποι-αα.
694 1538 749 1586 Μ
757 1553 797 1586 a.
821 1538 956 1587 Bnd.
977 1544 1032 1587 et
1053 1538 1216 1587 editio
1237 1537 1498 1613 princeps,
1525 1538 1843 1587 Gadaum-um.
1900 1538 2035 1587 Inde
2054 1536 2249 1587 frustra
2272 1538 2515 1589 tentabat
2532 1539 2669 1589 Rhe-

475 1615 657 1662 nanus,
693 1602 1000 1651 Batavorum.
1068 1601 1320 1652 Remissas
1351 1614 1488 1651 emm
1511 1600 1562 1649 in
1586 1600 1920 1651 Germaniam
1944 1603 2259 1653 Batavorum
2281 1600 2517 1655 cohortes
2539 1601 2668 1651 vidi·

474 1676 588 1715 mus
606 1678 762 1728 snpra
782 1680 828 1717 c.
849 1669 934 1715 69.
973 1666 1122 1717 Idem.

1456 1818 1674 1871 NOTAE

1672 1968 1741 2016 Et
1782 1966 1993 2017 Caecina
2035 1978 2294 2029 regressus
2328 1976 2395 2013 ex
2430 1964 2559 2014 urbe
2597 1964 2665 2015 ad

1604 2040 1817 2102 bellum,
1852 2048 1999 2105 puto,
2038 2047 2303 2105 postquam
2340 2040 2457 2089 iniit
2484 2056 2665 2091 eonsu-

534 1970 560 1997 *
583 1964 919 2015 Germanorum
945 1968 1271 2029 Gallorumque
1295 1999 1309 2017 .
1331 2001 1344 2015 .
1363 2001 1377 2017 .
1399 2002 1412 2017 .
1431 1982 1529 2016 eor-

464 2040 606 2103 poru]
641 2040 846 2090 Livius:
883 2046 896 2068 ⁸
923 2043 1106 2092 Mollia.
1140 2050 1195 2091 et
1229 2041 1386 2093 fluida
1413 2056 1527 2093 cor-

467 2128 595 2177 pora
633 2116 902 2165 Gallorum
940 2124 996 2166 et
1031 2118 1238 2167 minime
1273 2118 1540 2181 patientia

467 2189 615 2239 sitis!
651 2190 796 2239 Idem
819 2205 898 2241 ιν.
919 2197 968 2241 8.
1003 2193 1091 2241 ‘Si
1121 2193 1342 2255 primum
1365 2193 1526 2256 impe-

469 2269 596 2323 tum,
637 2280 786 2327 quem
843 2264 1046 2315 fervido
1104 2267 1306 2328 ingenio
1350 2273 1406 2316 et
1445 2268 1525 2317 ira

465 2336 756 2401 effundunt,
778 2340 1096 2403 sustinueris,
1131 2340 1304 2391 fluunt
1335 2342 1522 2391 sudore

464 2420 522 2464 et
551 2414 853 2465 lassitudine
877 2416 1125 2478 membra,
1147 2418 1328 2467 labant
1361 2433 1520 2468 uma.

466 2489 648 2539 Mollia
669 2505 906 2555 corpora,
943 2493 1141 2552 molles,
1164 2493 1252 2542 ubi
1285 2493 1364 2542 ira
1399 2508 1519 2545 con-

463 2565 614 2626 sedit,
659 2567 871 2630 animos,
915 2569 1012 2628 sol,
1058 2569 1242 2631 pulvis,
1286 2569 1416 2632 sitis,
1459 2575 1518 2618 nt

461 2637 656 2689 ferrum
679 2656 778 2690 non
803 2643 1096 2704 admoveas,
1120 2645 1500 2706 prosternunt.'·

530 2715 770 2778 otu-ozia]
805 2717 1053 2778 Preciae„
1085 2733 1308 2782 corpora
1341 2721 1516 2769 Gallo-

462 2801 574 2838 rum
598 2796 688 2839 aut
711 2791 1082 2842 Germanorum
1115 2808 1218 2843 non
1243 2797 1404 2858 magis
1427 2797 1515 2846 ob-

461 2865 612 2913 noxia
635 2867 837 2924 morbis,
858 2883 1008 2931 quam
1032 2870 1246 2919 aliarum
1269 2873 1516 2934 gentium,

462 2937 552 2988 sed
576 2941 854 2988 mutatione
883 2943 980 2991 soli
1001 2944 1236 3006 eoelique,
1256 2953 1312 2994 et
1333 2947 1399 2996 ob
1421 2945 1514 2996 flu-

460 3013 612 3062 minis
627 3013 964 3077 ·aviditatem,
986 3025 1140 3082 atque
1175 3028 1332 3070 aestus
1353 3024 1515 3088 impa-

459 3088 714 3150 tientiam,
769 3098 877 3140 tum
931 3100 1076 3141 certe
1127 3095 1300 3156 plures
1349 3099 1514 3148 morbi

453 3165 832 3226 grassabantur.
1225 3159 1232 3167 ’

521 3245 544 3280 1
577 3241 837 3305 Flaminis]
867 3242 1115 3304 vertunt,
1157 3245 1304 3308 quasi
1344 3261 1402 3297 se
1437 3248 1512 3296 iu·

454 3317 762 3378 tempestive
804 3333 868 3366 eo
909 3315 1120 3368 flumine
1165 3321 1418 3385 lavarent,
1455 3331 1512 3372 et

454 3392 598 3454 qnasi
619 3406 720 3440 non
742 3401 1104 3456 expectassent
1126 3397 1360 3447 aestivum
1384 3406 1509 3448 tem-

452 3479 571 3527 pus,
605 3467 722 3515 coeli
745 3477 1000 3534 astusque
1035 3470 1206 3520 Italici
1238 3473 1510 3536 impatien-

454 3545 564 3589 tes:
599 3543 738 3604 quod
759 3543 964 3596 falsum.

518 3614 654 3662 Nam
685 3629 782 3664 non
817 3626 1098 3679 potuerunt
1131 3622 1316 3672 advehi
1347 3623 1402 3672 in
1425 3639 1507 3674 ur·

449 3687 592 3748 bem,
643 3689 738 3737 nisi
780 3693 1184 3754 quadragesimo,
1227 3704 1317 3744 aut
1358 3707 1503 3747 certe

451 3763 874 3828 quinquagesimo
917 3765 1024 3827 die,
1077 3777 1194 3830 post
1240 3770 1503 3820 victoriam

447 3840 862 3902 Bedriacensem,
906 3857 1022 3904 qum
1059 3845 1280 3908 contigit
1333 3849 1504 3898 medio

447 3929 626 3965 mense
657 3917 858 3980 Aprali3
900 3930 1024 3977 ergo
1056 3915 1265 3968 fuerunt
1306 3922 1504 3984 Romoe,

447 4003 626 4040 mense
666 3991 841 4051 sunio,
877 3992 1042 4052 sulio,
1063 3999 1116 4040 et
1145 3991 1412 4058 Angusto:
1447 4003 1504 4046 et

447 4065 702 4116 Kalendis
723 4067 831 4120 Jul.
849 4069 1100 4116 salutatus
1122 4075 1204 4120 est
1224 4069 1504 4135 imperator

451 4138 798 4206 vespasianus
817 4141 870 4194 in
893 4141 1132 4195 Oriente.

1605 2116 1767 2165 latum
1822 2115 2075 2165 Kalendis
2128 2114 2393 2177 Septemb.
2476 2114 2663 2179 Neque

1605 2188 1728 2237 dum
1754 2190 2061 2253 impleverat
2080 2188 2207 2238 duos
2228 2202 2425 2237 menses
2444 2188 2521 2236 sui
2544 2202 2665 2249 epu·

1604 2263 1819 2325 tulatus,
1839 2278 1955 2313 cum
1990 2262 2272 2326 principem
2296 2262 2585 2327 Vitellium,
2606 2268 2665 2312 et

1603 2337 1887 2386 exercitum
1910 2337 2139 2400 prodidit
2161 2336 2433 2387 Flavianis.

1666 2420 1687 2445 ⁸
1720 2412 1969 2476 Aviditas]
2011 2412 2186 2461 Vertit
2220 2412 2361 2463 Clar.
2398 2412 2659 2479 Harlaeus,

1601 2490 1750 2554 quasi
1774 2489 1907 2539 avidi
1932 2496 2106 2539 essent
2127 2489 2393 2538 innatandi
2432 2490 2661 2540 lavandi-

1598 2580 1699 2628 que
1718 2579 1907 2629 corpus
1928 2566 2081 2614 undis
2101 2565 2375 2614 Tiberinis.
2440 2565 2543 2615 Sed
2568 2581 2660 2630 po-

1595 2641 1717 2704 tius,
1738 2641 1925 2690 caloris
1948 2649 2003 2690 et
2024 2641 2137 2690 sitis
2149 2641 2493 2704 impatientia,
2515 2641 2658 2692 Galli

1595 2719 1943 2782 Germanique
1978 2717 2127 2768 avide
2164 2718 2473 2768 hauriebant
2497 2731 2655 2786 aquas

1591 2792 1726 2844 illas.

1660 2869 1730 2916 Et
1749 2865 1887 2916 forte
1910 2873 2179 2932 postquam
2198 2868 2320 2917 vina
2340 2867 2529 2919 Italica
2546 2867 2657 2919 ebi-

1593 2941 1793 2992 bissent
1809 2942 2023 3004 avidius„
2043 2949 2224 3006 postea
2246 2944 2468 3006 lymphis
2486 2951 2541 2993 et
2562 2944 2655 3006 illi,

1593 3019 1775 3067 eadem
1809 3019 2229 3082 intemperantia,
2269 3033 2325 3068 se
2370 3019 2654 3084 ingurgita-

1594 3093 1722 3140 bant
1742 3109 1756 3140 ε
1793 3108 1857 3141 ex
1888 3094 1980 3142 illu
2016 3095 2337 3157 impatientia
2353 3095 2484 3159 sitis,
2504 3103 2560 3145 et
2580 3109 2649 3144 ex

1593 3166 1711 3214 coeli
1752 3167 2042 3229 insolentia,
2074 3169 2241 3216 morbi
2270 3171 2653 3231 grassabantur.

1593 3241 1759 3290 Forte
1780 3249 1999 3305 utraque
2022 3255 2176 3292 musa
2194 3242 2570 3308 mgresoebant,
2582 3259 2651 3294 ex

1591 3316 1899 3380 intemperie
1924 3317 2129 3366 lavandi
2146 3324 2203 3365 et
2228 3317 2453 3368 bibendi.

1654 3393 1901 3458 Aviditas]
1954 3393 2089 3444 Quia
2136 3393 2377 3444 biberent
2428 3393 2651 3459 avidius,

1589 3475 1747 3519 ωηο·
1766 3469 2106 3532 impatientia.

1650 3550 1675 3578 ⁸
1706 3545 1981 3608 vassute]
2018 3545 2285 3596 Pravitate
2327 3546 2411 3595 vel
2449 3541 2649 3596 ambitu

1585 3621 1813 3685 ipsorum
1848 3624 2132 3685 legatorum
2172 3637 2233 3671 ae
2269 3621 2479 3684 ducum,
2504 3619 2646 3672 forts

1583 3705 1643 3746 et
1663 3698 1890 3760 ipsorum
1910 3699 2147 3748 militnm.
2199 3696 2369 3758 Infra,
2400 3698 2417 3724 ‘
2441 3698 2555 3759 plus
2588 3697 2644 3746 in

1585 3785 1649 3820 eo
1686 3771 1897 3820 delectu
1936 3773 2129 3820 Valens
2160 3771 2422 3821 audebat!
2474 3771 2545 3820 Et
2574 3771 2645 3820 de

1584 3848 1750 3898 milite
1771 3864 1785 3896 t
1818 3848 1834 3875 ‘
1854 3851 2086 3912 quamvis
2108 3848 2364 3912 indignus,
2378 3849 2421 3896 si
2444 3849 2519 3897 ita
2538 3861 2645 3900 mar

1585 3926 1771 3986 luerat,
1792 3925 1999 3974 urbanae
2020 3925 2223 3974 militine
2252 3923 2643 3976 ascribebatur?

1581 3999 1805 4049 Ambitus
1836 3999 1917 4048 hic
1956 4001 2221 4063 proeeipue
2245 4000 2460 4065 intelligi
2482 4001 2639 4052 debet

1583 4074 1651 4123 de
1680 4075 2049 4138 manipulariis,
2082 4075 2167 4141 qui
2204 4076 2336 4129 lianc
2368 4079 2453 4128 vei
2494 4077 2635 4128 illam

1579 4149 1817 4202 militiam
1839 4151 2113 4204 ambirent.
