3209 4925
575 396 752 465 2700

575 555 802 637 vigens
833 556 1046 631 aetate,
1077 550 1274 617 claris
1301 553 1660 618 natalibus.
1728 552 1957 617 Prima
1970 551 2269 636 juventa,
2293 554 2562 637 quietis5
2592 557 2783 639 cupi-

573 656 786 735 dine,''
813 655 1222 719 Senatorium
1250 653 1543 718 ordinem
1573 661 1884 718 exuerat:
1931 650 2133 717 idem⁶
2178 673 2303 737 pro
2332 654 2557 720 Galba
2589 656 2785 721 Dux*

1273 413 1336 460 c.
1381 410 1743 460 conamur
1789 409 2045 459 'mcvm
2460 414 2556 481 [Α.
2578 418 2643 470 υ.
2662 422 2782 472 822.

575 844 962 909 Inuiojumeoe,
989 843 1277 893 mor-ium
1295 844 1434 893 decus
1452 843 1727 907 reliquerat,
1764 842 1853 891 orit·
1886 841 2154 891 desiderio:
2187 841 2232 890 is
2250 841 2371 892 dein
2389 858 2479 905 pro
2502 842 2663 893 Galba
2681 842 2784 893 dux

575 1073 607 1116 5
641 1066 726 1118 Ita
746 1066 864 1118 libri
895 1084 1088 1119 omnes.
1149 1070 1378 1120 Tentant
1399 1070 1606 1134 quidem
1640 1070 1834 1121 eruditi
1858 1068 1951 1119 viri
1974 1067 2187 1118 Grotius
2222 1074 2277 1117 et
2313 1068 2556 1129 Huetius,
2578 1072 2784 1131 questus

574 1133 822 1196 captain&
856 1134 994 1197 quod
1017 1134 1141 1183 olim
1174 1135 1320 1183 Mela
1356 1136 1614 1198 petitione
1646 1136 1896 1185 honorum
1930 1133 2273 1195 abstinuerat,
2312 1140 2369 1181 ut
2402 1147 2498 1195 per
2536 1146 2786 1195 procura·

576 1196 1842 1313 {⁵⁷⁰⁰“N1333⁰t2⁵122²„⁰3.222232?3⁸⁹¹¹12fflssfftss‘fflz
1864 1198 2433 1311 ssfsssazrazffizz
2445 1195 2781 1312 {mitam

573 1325 624 1373 in
649 1324 726 1373 his
741 1327 886 1391 early
910 1327 1090 1391 youth,
1107 1326 1240 1377 from
1261 1343 1292 1377 a
1315 1328 1522 1392 passion
1547 1280 1864 1379 forffofflrde
1887 1326 1990 1375 and
2015 1338 2221 1387 repom,
2241 1324 2472 1374 divested
2494 1324 2710 1375 himself
2724 1324 2789 1374 of

575 1389 664 1438 the
687 1388 891 1453 dignity
915 1391 976 1439 of
990 1405 1020 1438 a
1042 1391 1296 1443 Senator)
1349 1392 1579 1456 Murphy
1601 1393 1678 1442 sic
1702 1394 1887 1442 vertit:
1912 1392 1929 1420 ⁴
1954 1390 2019 1439 In
2041 1388 2118 1437 his
2140 1389 2302 1452 youth
2326 1390 2391 1437 he
2412 1388 2515 1439 had
2540 1389 2779 1452 resigned

574 1453 656 1501 his
689 1452 999 1503 Senator-ian
1021 1457 1168 1517 rank,
1199 1465 1256 1506 to
1278 1456 1403 1505 seek
1425 1457 1475 1505 in
1500 1457 1725 1507 solitude
1758 1471 1791 1505 a
1808 1462 2005 1505 retreat
2029 1452 2163 1502 from
2224 1452 2365 1503 ublic
2389 1452 2659 1503 business)
2708 1454 2783 1503 Et

575 1523 721 1567 certe
757 1518 811 1567 id
836 1519 1062 1583 quietem
1095 1521 1276 1583 innuit,
1334 1520 1436 1569 uod
1470 1520 1574 1569 dux
1598 1521 1816 1571 coloniae
1837 1534 1944 1569 sue
1966 1532 2063 1581 pro
2088 1517 2189 1566 Gal
2228 1531 2259 1564 a
2278 1517 2508 1567 steterit.
2576 1516 2788 1567 Mutan-

575 1586 661 1631 tur
701 1589 874 1631 autem
913 1584 1170 1634 hominum
1209 1592 1290 1633 stu
1330 1585 1397 1633 ia.
1463 1584 1648 1634 Potuit
1678 1599 1804 1648 ergo
1847 1585 2043 1634 Fuscus
2082 1581 2253 1644 prima
2280 1579 2503 1643 juventa
2569 1581 2785 1643 uietem,

573 1644 757 1695 deinde
792 1648 1026 1711 pericula
1055 1648 1259 1699 sectari.
1325 1650 1641 1700 Erotion—6
1676 1650 1819 1699 Male
1835 1648 1963 1699 Mss.
1987 1646 2137 1697 Harl.
2175 1646 2331 1696 Bodl.
2367 1646 2479 1699 Jes.
2575 1644 2700 1697 uelf.
2722 1654 2781 1697 et

573 1709 916 1775 Puteolanus,
949 1712 1160 1777 idemque
1187 1728 1275 1776 pro
1317 1712 1492 1764 Galba.
1557 1712 1732 1765 Idem.

1563 1864 1786 1917 NOTAE

571 1966 880 2023 procurator
902 1968 1059 2024 esset,
1090 1963 1396 2025 Pannonia,
1417 1980 1482 2014 an
1509 1966 1637 2015 Dal-
1718 1964 1949 2015 Fuscus?
1984 1962 2076 2013 sed
2100 1962 2215 2029 quis
2239 1962 2395 2013 etiam
2418 1961 2783 2026 primajuven·

571 2036 767 2101 matie,
805 2037 1016 2087 minima
1060 2039 1316 2102 traditum
1369 2042 1488 2091 ideo
1523 2056 1636 2092 cre-
1716 2048 1771 2089 ta
1808 2046 2087 2104 tantopere
2122 2038 2256 2089 lucri
2296 2038 2538 2102 cupidus,
2571 2044 2631 2087 nt
2665 2038 2784 2087 ideo

571 2112 796 2162 (lendum
817 2120 917 2177 est,
937 2114 1204 2179 utriusque
1223 2131 1240 2176 ς
1275 2130 1392 2164 uam
1414 2114 1634 2165 inferius
1715 2115 2033 2164 senatorium
2054 2114 2289 2163 ordinem
2308 2115 2497 2164 exuat?
2528 2113 2670 2164 Nihil
2690 2113 2785 2163 mi·

571 2196 812 2255 apparet,
830 2204 946 2241 eum
969 2191 1106 2256 apud
1130 2196 1404 2258 utrumque
1433 2193 1634 2243 exet-ei·
1716 2204 1828 2239 rum
1850 2191 1917 2240 de
1937 2190 2098 2254 Mela,
2119 2190 2207 2255 qui
2228 2196 2607 2254 tantumeques
2632 2188 2783 2239 Rom.

571 2273 682 2318 tum
703 2268 1071 2318 auctoritatem
1097 2268 1350 2319 babuisse.
1405 2268 1635 2319 Picheau.

637 2342 736 2393 Sed
750 2348 1026 2407 procurator
1044 2342 1232 2406 aderat]
1253 2344 1498 2407 Vertunt,
1515 2355 1638 2409 qua.-

571 2416 616 2468 si
641 2426 952 2482 procurator
975 2427 1115 2468 esset
1143 2419 1405 2485 utriusque
1429 2420 1635 2483 provin·

571 2493 685 2545 οἱα.
749 2495 835 2546 Sic
869 2493 1090 2545 Albinus
1124 2497 1392 2559 utriusque
1431 2496 1637 2546 Maure·

569 2570 725 2622 tanioe
764 2579 1068 2636 procurator
1099 2571 1214 2622 fuit.
1278 2571 1424 2621 Infra
1461 2578 1637 2622 tamen

565 2648 941 2710 pne-:rationem
975 2649 1190 2711 adeptus,
1219 2663 1320 2698 nou
1351 2649 1638 2711 procuratio-

568 2737 666 2776 nu-
730 2724 1000 2786 Attamen,
1020 2725 1142 2789 quia
1162 2724 1391 2774 audacie
1415 2731 1635 2789 promta

571 2799 786 2861 Fuscus,
805 2806 862 2849 et
879 2815 1076 2864 magne
1097 2801 1272 2850 statim
1288 2801 1637 2863 auctoritatis,

571 2881 636 2925 nt
655 2875 795 2926 inter
815 2891 964 2926 senes
1002 2883 1058 2926 et
1087 2884 1396 2927 cunctantes
1417 2879 1639 2942 legatos,

570 2949 731 3003 facilc
753 2967 851 3018 pro
875 2968 968 3003 suo
991 2953 1114 3017 jure
1135 2967 1191 3001 se
1215 2953 1386 3002 multis
1407 2967 1508 3002 non
1529 2968 1637 3002 mo·

567 3028 634 3078 do
660 3031 955 3093 provinciis,
969 3029 1062 3080 sed
1087 3037 1146 3079 et
1165 3029 1435 3091 classibus,
1450 3030 1639 3080 immis-

571 3105 698 3156 cuit.
787 3106 966 3155 Rebus
1009 3105 1226 3156 turbidis
1273 3113 1635 3169 procuratores

571 3193 629 3230 ae
649 3195 885 3244 magnam
921 3181 1145 3245 Reipub.
1186 3188 1387 3245 partem
1415 3178 1635 3242 faciunt,

567 3255 792 3306 simulet
813 3271 1048 3320 magnam
1069 3265 1274 3321 partem
1297 3257 1537 3309 cladium.

633 3337 668 3364 ⁸
717 3333 891 3381 Prima
919 3333 1142 3394 juventa,
1177 3333 1352 3395 quietis
1393 3334 1635 3397 cupidine]

569 3405 692 3457 Non
713 3422 838 3458 sane
861 3409 1023 3473 quieti
1059 3408 1142 3458 hic
1162 3409 1314 3458 homo
1345 3409 1554 3473 ingenii,
1577 3418 1637 3458 ut

569 3484 842 3548 sequentia
875 3482 1173 3534 ostendunt.
1257 3485 1398 3548 Lege
1429 3490 1637 3548 quastus

569 3557 808 3624 cupidine,
841 3565 896 3609 et
931 3573 1134 3623 expone
1158 3574 1222 3608 ex
1243 3561 1334 3611 illo
1359 3563 1471 3611 loco
1495 3561 1634 3611 Anu.

571 3645 695 3684 xvn.
727 3635 744 3662 ⁴
769 3635 911 3685 Mela
931 3635 1116 3699 quibus
1135 3635 1306 3686 Gallio
1343 3643 1400 3686 ct
1433 3637 1633 3687 Seneca

566 3711 869 3776 parentibus
893 3719 1068 3770 natus,
1107 3713 1362 3776 petitione
1385 3715 1632 3762 bonorum

567 3784 912 3850 abstinuerat,
937 3803 1031 3852 per
1053 3788 1383 3838 ambitionem
1405 3801 1635 3851 praepos·

569 3869 752 3924 teram,
796 3871 856 3914 ut
897 3877 1056 3927 eques
1101 3864 1247 3913 Rom.
1281 3862 1633 3912 consularibus

565 3940 797 4002 potentia
831 3947 1153 4004 aequaretur:
1190 3937 1342 3988 simul
1363 3937 1634 3999 acquiren-

565 4013 651 4064 das
669 4016 904 4080 pecunia»
925 4016 1130 4066 brevius
1147 4015 1248 4063 iter
1265 4013 1518 4064 credebat
1533 4027 1631 4077 per

565 4092 956 4156 procurationes
1005 4088 1424 4141 administrandis
1487 4091 1631 4154 prin·

565 4165 698 4232 cipis
719 4167 976 4232 negotiis?
1045 4167 1262 4217 Grotius.

629 4239 716 4294 An
748 4241 916 4308 prima
944 4241 1169 4305 juventa
1189 4240 1382 4306 quietis
1413 4241 1631 4305 cupidus

1716 2272 1773 2315 et
1790 2281 1911 2317 cum
1932 2266 2201 2330 precipue
2224 2265 2500 2329 vectigalia
2520 2270 2783 2326 curarent,

1718 2350 1772 2393 et
1826 2342 2217 2408 procurationes
2278 2341 2531 2392 haberent
2546 2378 2557 2387 .
2580 2340 2783 2406 equites

1720 2418 1958 2483 Romani,
1978 2425 2033 2468 et
2050 2419 2174 2484 quia
2189 2416 2378 2469 fratres
2396 2418 2552 2468 Melae
2574 2416 2783 2468 summis

1716 2493 1999 2546 honoribus
2022 2495 2195 2546 evecti
2230 2499 2409 2544 erant:
2444 2493 2583 2558 quod
2604 2492 2787 2544 nobili·

1717 2574 1815 2624 tati
1835 2572 2041 2625 familie
2061 2571 2373 2624 sufficiebat.

1783 2650 1858 2701 At
1878 2652 2059 2700 mirum
2091 2651 2195 2712 hic,
2220 2649 2358 2714 qnod
2386 2648 2597 2713 juvenis
2628 2647 2781 2700 claris

1716 2727 1991 2789 natalibus,
2010 2727 2319 2776 senatoriam
2355 2725 2685 2788 dignitatem,
2704 2731 2782 2788 et,

1715 2811 1775 2854 ut
1796 2804 1872 2853 ita
1892 2803 2082 2864 dicam,
2102 2803 2429 2852 nobilitatem
2446 2813 2588 2850 snam
2604 2805 2784 2864 exuat,

1716 2887 1777 2929 ut
1814 2886 2119 2944 procurator
2140 2877 2253 2937 flat,
2290 2883 2351 2926 ut
2380 2875 2643 2939 ingentem
2675 2873 2781 2924 vim

1716 2955 1953 3021 pecunie
1977 2954 2241 3013 cumulet;
2274 2952 2372 3003 hoc
2394 2949 2702 3014 stupendum
2725 2950 2781 3000 in

1707 3031 1901 3095 juvene
1919 3029 2097 3092 nobili,
2110 3035 2165 3079 et
2183 3029 2391 3094 quidem
2404 3025 2785 3091 prin-ajam«.

1784 3108 1943 3158 Certe
1980 3113 2108 3171 puto
2146 3103 2305 3155 fuisse
2328 3105 2468 3154 illum
2498 3109 2689 3154 natura
2724 3105 2783 3151 et

1714 3183 1921 3248 ingenio
1944 3183 2206 3242 mobilem,
2226 3181 2301 3230 ita
2322 3185 2385 3228 ut
2408 3178 2573 3241 prima
2592 3177 2782 3242 juven-

1716 3267 1773 3308 ta
1815 3259 1979 3309 otium
2020 3262 2077 3307 et
2118 3255 2341 3320 quietem
2386 3251 2587 3315 amarit,
2622 3263 2778 3316 quam

1714 3335 1923 3386 tandem
1948 3339 2222 3396 pertesus,
2260 3334 2448 3392 postea
2478 3341 2593 3377 sese
2626 3326 2781 3378 rebus

1716 3410 1937 3462 turbidis
1976 3406 2272 3464 immiscuit,
2304 3417 2367 3453 eo
2400 3403 2569 3452 animo
2606 3407 2664 3453 et
2684 3404 2781 3452 im-

1714 3494 1858 3550 petu,
1878 3485 2084 3548 qualem
2106 3482 2189 3530 bic
2214 3479 2461 3530 describit
2478 3479 2712 3530 Tacitus.

1778 3563 1929 3625 Saepc
1953 3560 2090 3609 enim
2115 3556 2193 3616 fit,
2216 3564 2275 3606 ut
2296 3557 2381 3620 qui
2406 3555 2457 3604 in
2480 3569 2612 3619 pace
2634 3554 2782 3605 nulli-

1712 3653 1769 3688 us
1794 3636 2121 3687 auctoritatis
2156 3641 2249 3684 aut
2284 3633 2533 3682 momenti
2564 3637 2705 3692 sunt,
2726 3630 2779 3679 in

1714 3711 1878 3762 turbis
1901 3726 1961 3760 ac
1982 3710 2205 3760 motibus
2236 3706 2559 3758 audacissimi
2594 3707 2699 3756 sint
2721 3711 2779 3755 et

1711 3788 1949 3838 acerrimi
1986 3786 2337 3844 instigatores,
2358 3790 2418 3832 nt
2438 3783 2621 3832 malint
2640 3795 2779 3844 nova,

1711 3864 1835 3913 licet
1852 3863 2075 3923 ambigua
2096 3869 2150 3910 et
2172 3860 2481 3923 periculosa,
2496 3871 2646 3922 quam
2666 3871 2778 3906 cer-

1712 3947 1791 3988 tas
1814 3945 1869 3988 et
1889 3939 2011 3988 olim
2037 3953 2124 4001 par
2134 3947 2215 3986 tas
2234 3934 2575 4000 opes,quibus
2594 3931 2776 3998 quieto

1710 4021 1767 4065 et
1792 4015 2071 4077 tranquille
2096 4014 2198 4063 frui
2222 4023 2446 4076 possent.

1774 4092 1961 4156 Itaque
1982 4093 2137 4154 prim
2156 4092 2359 4151 juvenca
2392 4086 2611 4152 cupidus
2634 4085 2776 4151 quie·

1710 4168 1779 4218 tis
1816 4167 2031 4231 Fuscus,
2066 4169 2187 4217 dein
2223 4175 2344 4231 post
2376 4167 2556 4227 otium,
2590 4162 2771 4213 avidas

1712 4243 1900 4308 turbae,
1926 4241 2318 4307 discordiarum,
2339 4246 2397 4292 et
2428 4240 2571 4292 beni.
2638 4239 2773 4290 Sunt
