3209 4925
643 412 826 483 27oe
1357 430 1424 480 o.
1467 430 1833 481 ocantur
1874 430 2135 483 ‘tacu-1

648 574 814 640 lium
840 579 1054 653 atrox,
1085 590 1356 656 anceps.
1439 562 1775 639 Antonius
1812 574 2057 659 egregii
2102 574 2317 641 Ducis
2342 576 2566 642 munia
2593 574 2851 663 implet,

647 678 993 743 victoriam
1033 673 1274 743 aufert.
1371 674 1655 741 26-33.
1700 674 2032 741 Cremona
2072 678 2375 757 obsessa,
2418 684 2647 761 capta,
2704 698 2850 747 crc-

581 766 590 770 ’
648 782 852 843 mata.
937 777 1044 841 34.
1089 781 1327 857 postea
1349 778 1671 843 restituta.
1756 778 1865 843 35.
1911 776 2135 843 Victae
2165 779 2457 861 legiones
2500 779 2853 865 diepa-su.

736 876 849 943 36.
894 876 1206 941 Vitellius
1253 876 1416 972 luxu
1462 881 1681 971 torpet
1790 876 1899 942 37.
1943 876 2026 941 In
2070 878 2303 943 urbem
2346 885 2653 945 revectus
2694 880 2855 945 θω-

653 980 872 1045 cinam
927 962 1386 1057 condemnem
1427 977 1494 1043 ei
1551 978 1853 1043 Rosinm
1890 976 2231 1060 Regulum
2285 981 2354 1049 in
2409 998 2618 1044 unum
2672 980 2857 1045 diem

653 1075 1012 1145 Consulem
1041 1076 1306 1142 sufficit.
1369 1078 1478 1143 38.
1505 1080 1617 1143 39.
1662 1079 1709 1145 J
1712 1100 1909 1145 umus
1938 1081 2205 1146 Blaesus
2234 1080 2464 1145 fraude
2488 1080 2567 1145 L.
2593 1080 2856 1147 Vitellii

654 1200 908 1248 veneno
934 1182 1196 1245 tollitur.
1285 1180 1394 1245 40.
1437 1182 1548 1243 41.
1595 1180 1847 1247 Fabius
1888 1181 2141 1247 Valens
2168 1180 2447 1246 libidine
2482 1186 2553 1247 et
2578 1186 2855 1247 cuncta-

630 1277 858 1367 tione
885 1278 1396 1347 Vitellianorum
1422 1296 1545 1345 'res
1592 1284 1850 1347 submit
1875 1288 1983 1361 et,-'
2032 1283 2148 1347 425
2186 1276 2527 1367 flavianis
2579 1276 2857 1360 Italiam

655 1383 1158 1468 occupantibus,
1229 1382 1339 1447 43.
1385 1382 1473 1447 ad
1532 1383 1931 1451 Stoechadas
1971 1371 2288 1460 'delatum
2346 1386 2664 1467 capitur.‘
2742 1382 2855 1447 44.

657 1483 1036 1567 Hispaniae,
1090 1480 1360 1561 Galliae,
1403 1483 1771 1561 Britannia,
1802 1490 2049 1549 cuncta
2096 1483 2184 1548 ad
2230 1483 2641 1568 Vespasiani
2685 1502 2857 1566 opes

657 1603 998 1649 conversa.
1084 1585 1192 1648 45.
1253 1584 1514 1649 Turbat
1565 1588 1785 1647 tamen
1849 1584 2259 1673 Britanniam
2317 1582 2683 1649 Venutius:
2756 1584 2857 1651 ibi

653 1686 858 1749 varia·
900 1689 1076 1749 sorte
1129 1668 1508 1767 pugnatum.
1615 1682 1726 1747 46.
1764 1680 2069 1749 Turbata
2144 1704 2415 1769 quoque
2468 1684 2857 1753 Germania·

658 1784 852 1848 Mota
879 1790 946 1847 et
973 1784 1312 1849 Dacorum
1341 1802 1524 1865 gens,
1573 1803 1615 1847 a
1667 1784 1985 1850 Muciano
2021 1806 2110 1849 ex
2156 1784 2425 1851 Oriente
2464 1786 2725 1865 reduce,
2754 1804 2857 1851 m-

655 1904 904 1969 pressa.
988 1885 1099 1949 47.
1127 1884 1238 1949 48.
1283 1882 1602 1951 Anicetus
1644 1884 2029 1951 Polemonis
2075 1888 2374 1967 libertuS,
2418 1887 2707 1967 Pontum
2752 1886 2858 1953 in-

655 1985 930 2062 festans,
979 1984 1258 2067 capitur.
1345 1985 1805 2069 Vespasianus
1856 1985 2333 2052 Alexandriam
2378 1989 2609 2071 pergit,
2640 1992 2717 2053 ut
2742 2006 2859 2053 ur-

655 2088 810 2151 bem
833 2084 1008 2149 fame
1035 2092 1298 2171 urgeat:
1357 2087 1466 2153 49.
1496 2086 1850 2167 Antonius,
1877 2093 2035 2171 post
2062 2086 2456 2153 Cremonam
2484 2089 2856 2170 superbior,

656 2187 767 2252 50.
811 2192 1063 2269 partem
1090 2186 1432 2269 copiarum
1474 2186 1769 2251 Veronae
1812 2187 2137 2271 relinquit,
2166 2193 2419 2269 partem
2448 2188 2517 2251 in
2543 2187 2858 2253 Vitellia-

615 2310 622 2315 ·
645 2286 1122 2371 rios.expedit
1203 2288 1318 2351 51.
1360 2284 1705 2351 Nefarium
1732 2286 2310 2365 facinus-militis,
2350 2286 2437 2351 ob
2464 2286 2783 2355 occisum
2810 2310 2859 2355 a

645 2403 736 2453 se
759 2388 1026 2453 finti-em
1076 2388 1424 2471 praemium
1472 2387 1779 2472 petentis.
1866 2386 1977 2451 52.
2016 2386 2548 2452 'Festinationem
2582 2386 2859 2455 Antonii

645 2490 842 2575 apud
865 2487 1364 2572 Vespasianum
1389 2489 1769 2553 criminatur
1791 2488 2169 2553 Mucianus.
2240 2489 2349 2552 53.
2396 2487 2469 2551 Is
2484 2489 2856 2572 jactantius

549 2663 556 2672 ,
642 2607 857 2672 quam
875 2589 974 2652 ad
1003 2589 1382 2670 Principem
1409 2588 1639 2652 literas
1660 2591 2023 2671 componit,
2050 2588 2435 2654 Mucianum
2458 2589 2855 2656 moratus.

642 2689 828 2755 Inde
853 2709 1090 2772 graves
1121 2689 1392 2753 Ducum
1415 2689 1997 2754 simultates..
2829 2731 2837 2738 -

647 2833 658 2844 -
743 2791 854 2854 54.
898 2789 1210 2854 Vitellius
1255 2789 1458 2852 stulta
1501 2788 2033 2854 dissimulatione
2074 2789 2285 2855 cladis
2326 2791 2417 2856 ad
2462 2789 2858 2858 Cremonam

641 2890 949 2956 -rcmedia
973 2891 1300 2954 malornm
1325 2888 1554 2952 differt.
1645 2888 1987 2954 Notabilis
2010 2891 2400 2955 constantia
2422 2892 2469 2958 J
2468 2891 2589 2955 ulii
2616 2891 2863 2974 Agreu-

645 2994 772 3056 =tis.
855 2993 968 3056 55.
1009 2991 1351 3066 Vitellius,
1379 2995 1458 3053 ut
1479 3010 1518 3052 e
1547 3004 1781 3053 somno
1814 2990 2105 3068 excitus,
2132 2989 2549 3076 Apenninum
2564 2992 2860 3080 obsideri

643 3092 880 3176 ·jubet;
945 3091 1225 3156 honores
1269 3091 1576 3171 largitum
1639 3089 1711 3153 in
1758 3095 1977 3154 castra
2031 3092 2230 3156 venit.
2338 3094 2449 3158 56.
2517 3094 2858 3176 Prodigia.

519 3225 526 3233 ·
643 3193 1092 3277 ·Praecipunm
1135 3192 1285 3274 ipse
1332 3189 1650 3254 Vitellius.
1697 3195 2057 3268 ostentum,
2106 3191 2375 3272 ignarus
2412 3193 2689 3271 militiae,
2732 3195 2859 3260 in-

643 3293 979 3378 -providus
1035 3293 1318 3369 consilii,
1379 3289 1667 3354 Romam
1732 3291 2015 3370 revertit,
2075 3293 2419 3373 perculsus
2490 3293 2860 3360 defectione

646 3393 1064 3466 2Misenensis
1120 3392 1384 3455 classis.
1493 3393 1605 3456 57.
1666 3391 2017 3456 Puteolani
2076 3391 2541 3476 Vespasian03
2618 3391 2860 3478 Capua

645 3495 944 3561 «Vitellio
991 3494 1194 3557 favet.
1283 3490 1388 3555 Cl.
1415 3492 1725 3556 Julianus
1774 3493 1842 3558 iu
1884 3499 2108 3574 partes
2142 3492 2559 3576 Vespasiani
2604 3499 2860 3574 meir,

643 3593 777 3676 -qui
823 3593 1252 3657 Tarracinam
1302 3597 1606 3673 occupat.
1702 3592 1814 3656 58.
1887 3592 2197 3658 Vitellius
2244 3592 2513 3658 fratrem
2572 3594 2858 3662 Lucium

645 3694 837 3760 :bello
881 3712 1001 3777 per
1051 3692 1488 3775 Campaniam
1533 3695 1830 3776 opponit.
1923 3693 2081 3777 lpse
2130 3693 2371 3760 Romae
2418 3713 2505 3758 ex
2544 3696 2743 3779 plebe
2788 3704 2861 3762 ot

643 3795 956 3860 ‚servitiis
985 3796 1349 3858 exercitum
1401 3793 1719 3871 corradit,
1752 3796 1867 3878 qui
1904 3796 2087 3859 brevi
2122 3795 2459 3860 dilabitur.
2532 3797 2655 3861 59.
2702 3785 2861 3862 Fla-

649 3897 844 3961 ·‘viani
895 3893 1312 3979 Apenninum
1363 3901 1743 3974 transeunt3
1806 3894 1913 3959 ad.
1940 3915 2059 3959 eos
2090 3895 2393 3971 Cerialis,
2422 3895 2680 3960 Vitellii
2704 3915 2859 3963 cus-

645 3997 882 4061 ·todias
903 3997 1194 4078 elapsuS,
1225 3997 1424 4072 venit,
1450 4002 1518 4059 et
1547 3998 1709 4059 inter
1740 3997 1968 4060 Duces
1992 3999 2367 4062 assumitur.
2440 3999 2549 4061 60.
2599 3998 2857 4080 Pugnae

643 4095 898 4161 'avidos
949 4099 1191 4161 milites
1247 4116 1420 4179 aegre
1465 4097 1751 4162 cohibet·
1784 4096 2134 4162 Antonius.
2250 4099 2361 4162 61.
2407 4097 2454 4163 J
2456 4117 2565 4160 am
2596 4100 2861 4163 -crebra

645 4190 831 4258 ¹fiunt
881 4193 974 4294 ad
1031 4194 1526 4279 Vespasianum
1581 4196 1971 4279 transfugia,
2060 4199 2335 4262 Priscus
2386 4204 2454 4263 et
2510 4197 2861 4283 Alpheum
