3209 4925
585 379 764 451 2696

1285 404 1352 455 Β.
1397 404 1759 456 CORNELII
1806 408 2063 459 'raon-1

2468 416 2563 485 [Α.
2582 420 2651 476 U.
2664 426 2793 476 ⁸8².

585 542 872 611 Othone⁸
941 546 1351 624 nuntiabant,
1399 544 1843 633 laceratisque
1890 550 2207 634 vexillis,¹³
2250 566 2491 623 nomen
2544 556 2794 625 Vitellii

574 736 908 801 &emtique
922 735 1094 803 signis,
1113 737 1279 802 quibus
1294 753 1459 789 nemea
1477 739 1677 789 Vitellii
1698 740 1978 806 inscriptam
1994 750 2128 810 erat,
2150 747 2341 797 tendes·
2357 746 2555 815 abrepta
2562 752 2783 817 peonis,

1563 924 1777 978 NOTAE

569 1060 662 1113 nbi
701 1065 824 1125 post
855 1056 1128 1119 sacrilegia
1164 1055 1496 1121 rapinasque,
1532 1056 1633 1106 sibi
1712 1057 1903 1124 thenis,
1940 1060 2247 1127 nuntiosque
2278 1063 2632 1127 proturbasse,
2668 1064 2777 1129 pri·

566 1144 880 1197 metuentes,
902 1135 954 1183 in
977 1132 1286 1197 Vespasiani
1309 1132 1470 1181 verba
1483 1132 1630 1196 jura·

565 1221 772 1265 verunt.

626 1290 773 1340 Suet.
791 1304 838 1340 c.
857 1293 908 1338 ὅ.
940 1288 956 1316 ‘
975 1287 1208 1338 Moesiaci
1224 1286 1486 1337 exercitus
1502 1287 1627 1337 bina

561 1380 592 1417 e
610 1365 775 1416 tribus
787 1364 1069 1423 legionibus
1088 1363 1248 1411 millia
1265 1362 1416 1411 missa
1433 1362 1625 1413 auxilio

561 1442 805 1504 Othonis,
824 1448 1094 1505 postquam
1117 1441 1220 1489 iter
1239 1438 1482 1501 ingressis
1495 1454 1625 1488 nun-

557 1518 744 1571 tiatum
776 1526 876 1577 est,
906 1517 1098 1565 victum
1132 1528 1267 1577 eum,
1286 1528 1348 1562 ac
1369 1514 1473 1563 vim
1499 1514 1620 1565 vitae

555 1607 664 1647 snae
693 1594 948 1653 attulisse,
971 1592 1128 1641 nihilo
1145 1590 1310 1641 secius
1325 1590 1621 1654 Aquileiam

551 1684 713 1739 usque
767 1672 1184 1733 perseverarunt,
1223 1663 1367 1729 quasi
1422 1667 1615 1715 rumori

549 1748 718 1799 minus
737 1745 1040 1796 crederent:
1075 1742 1146 1791 ibi
1169 1754 1265 1804 per
1289 1741 1615 1792 occasionem

549 1835 612 1873 ac
632 1820 898 1871 licentiam
920 1817 1059 1867 omni
1087 1816 1382 1879 rapinarum
1417 1829 1612 1879 genere

548 1894 804 1961 grassati?
839 1898 940 1943 etc.
979 1892 1205 1941 Noster:
1239 1892 1258 1919 ⁸
1279 1890 1436 1942 tertia
1470 1891 1611 1957 legio

545 1972 839 2036 exemplum
862 1967 1089 2031 ceteris,’
1107 1970 1207 2018 &c-

609 2048 690 2098 En
711 2048 923 2096 Tacitus
941 2043 1234 2105 affluenter,
1255 2042 1377 2092 dum
1399 2043 1609 2095 Moesici

542 2127 720 2174 essent
755 2122 809 2171 in
853 2122 1060 2183 itinere,
1093 2118 1386 2183 proturbatis
1425 2120 1508 2182 qai
1545 2121 1606 2169 de

541 2200 757 2251 Othone:
788 2214 905 2264 quoe
931 2196 1120 2264 jejune
1152 2211 1183 2247 a
1219 2195 1430 2246 Sueton.
1457 2196 1605 2247 dicta

535 2281 684 2325 sunt:
721 2276 738 2304 ‘
758 2275 918 2325 nihilo
939 2273 1105 2323 seclus
1128 2270 1423 2338 Aquileiam
1441 2286 1602 2339 usque

534 2357 957 2417 perseverarunt,
999 2351 1144 2416 quasi
1197 2349 1391 2400 rumori
1433 2349 1600 2400 minus

531 2428 846 2480 crederent!
897 2428 1094 2479 Contra
1113 2425 1388 2478 Suetonius
1413 2423 1598 2475 diffuse

527 2512 710 2556 narrat
737 2505 958 2554 militum
989 2510 1157 2567 gesta,
1175 2503 1230 2551 in
1252 2500 1509 2566 Aquileia,
1525 2500 1596 2550 ibn·

523 2595 612 2644 per
631 2581 932 2643 cremonem,
950 2581 1034 2644 ξε.
1057 2593 1172 2644 quau
1196 2577 1412 2628 Tacitus
1432 2578 1592 2642 scrip-

526 2657 600 2707 sit
619 2656 771 2707 nimis
791 2656 1026 2718 astricte,
1042 2654 1314 2718 Aquileiam
1327 2667 1594 2716 progressa

523 2732 762 2783 hostiliter
779 2736 990 2795 egerant.
1054 2730 1352 2780 Salinerius.
1417 2737 1430 2750 ·

585 2808 860 2871 Aquileiam
894 2804 1180 2871 promeae]
1244 2805 1404 2855 Forte
1454 2805 1587 2854 veri-

519 2885 690 2936 simile
739 2892 840 2946 est,
877 2885 1106 2950 legiones
1161 2883 1409 2934 Moesicas
1462 2896 1586 2932 non-

519 2959 644 3010 dum
671 2961 928 3026 ingressas
947 2960 1104 3010 fuisse
1136 2959 1424 3026 Aquileiam
1458 2968 1583 3012 tunc

517 3049 637 3086 cum
657 3037 934 3088 hortantur
952 3037 1232 3097 Othonem,
1255 3050 1410 3099 supra
1425 3051 1473 3087 c.
1493 3041 1579 3088 40.

513 3113 530 3141 ‘
549 3111 818 3162 Proemissi
833 3126 864 3162 e
883 3113 1069 3162 Moesia
1086 3146 1101 3163 .
1113 3145 1128 3162 .
1145 3111 1401 3176 ‚legiones
1419 3110 1586 3178 Aqui-

509 3187 665 3238 leiam
687 3189 960 3252 ingressas,
973 3186 1316 3240 nuntiabant.’
1383 3187 1466 3237 Sic
1491 3187 1578 3238 bo·

510 3279 636 3316 num
654 3267 876 3316 animum
895 3266 1085 3317 habere
1090 3264 1370 3330 jubebant,
1383 3270 1438 3314 et
1453 3278 1575 3314 vero

508 3341 792 3392 addebant.
880 3343 1036 3392 Forte
1075 3355 1172 3391 nee
1215 3341 1342 3391 satis
1374 3354 1575 3404 verum,

507 3419 648 3483 quod
681 3419 838 3468 babet
857 3419 1070 3467 Tacitus
1093 3420 1251 3466 hocce
1276 3417 1395 3466 loco
1417 3421 1502 3466 8⁶.
1525 3418 1569 3466 si

505 3493 768 3558 sequimur
789 3499 1004 3544 sueton.
1041 3493 1170 3544 oth,
1201 3497 1253 3542 6.
1291 3492 1307 3520 ‘
1333 3492 1571 3543 Moesiaci

502 3571 765 3619 exereitus
785 3571 902 3620 bina
919 3585 948 3619 e
967 3570 1131 3619 tribus
1150 3568 1434 3633 legionibus
1455 3568 1567 3618 mil·

499 3645 572 3696 lia
605 3647 762 3696 inissa
799 3647 995 3696 auxilio
1017 3644 1261 3707 Othonis,
1293 3651 1566 3710 postquam

497 3719 604 3772 iter
638 3722 878 3786 ingressis
917 3721 1207 3772 nuntiatum
1247 3728 1348 3782 est,
1367 3720 1564 3770 victum

497 3809 617 3848 eum
639 3812 702 3848 ac
723 3799 828 3847 vim
850 3797 970 3847 vito
990 3812 1095 3847 ωε
1125 3796 1382 3857 attulisse,
1405 3795 1564 3845 nihilo

495 3874 666 3924 secius
711 3875 1005 3939 Aquileiam
1057 3888 1221 3939 usque
1266 3885 1564 3936 persevera-

494 3957 637 4016 runt,
669 3954 814 4017 quasi
839 3953 1030 4003 rumori
1063 3952 1229 4002 minus
1252 3949 1557 4001 crederent:

490 4023 568 4076 lbi
586 4063 600 4077 .
618 4062 631 4076 .
647 4063 689 4078 ..
708 4030 845 4078 omni
867 4029 1162 4094 rapinarum
1201 4039 1394 4092 genere
1417 4039 1558 4089 gras-

493 4101 636 4166 sati,'
657 4107 755 4155 &c.

553 4178 761 4246 Itaque,
793 4186 930 4232 teste
949 4179 1166 4230 Sueten.
1185 4177 1430 4228 videntur
1466 4193 1554 4230 ae·

487 4255 688 4320 cepisse
711 4255 948 4307 nuntium
971 4253 1153 4320 cladis,
1187 4259 1246 4304 et
1271 4252 1455 4304 mortis
1475 4253 1552 4304 O-

1710 1147 1926 1199 usquam
1948 1136 2345 1201 ingrederentur
2366 1140 2679 1205 Aquileiam.

1769 1210 1871 1260 Sed
1896 1228 2013 1264 cum
2036 1215 2195 1264 etiam
2213 1215 2462 1266 dissideat
2492 1216 2771 1267 Suetonius

1705 1286 1757 1336 iu
1797 1290 1911 1339 aliis
1950 1290 2351 1342 circumstantiis
2394 1308 2425 1343 a
2465 1294 2667 1358 Tacito,
2708 1300 2771 1345 ut

1704 1379 1819 1415 cum
1843 1366 2026 1417 tribuit
2040 1367 2321 1431 promissis,
2346 1366 2451 1419 vim
2484 1366 2642 1433 illam,
2662 1366 2769 1419 fur-

1702 1444 1779 1502 ta,
1799 1448 1855 1490 et
1878 1448 2075 1506 raptus,
2097 1458 2228 1508 quos
2246 1450 2418 1493 tamen
2440 1442 2651 1494 Tacitus
2676 1443 2767 1493 tri·

1702 1513 1818 1565 bait
1833 1516 1961 1580 ipsis
1982 1517 2293 1584 legionibus,
2318 1520 2560 1571 standum
2580 1519 2765 1571 Tacito

1696 1598 1893 1641 nostro.

1760 1666 1835 1717 Et
1868 1667 2190 1719 verisimilius
2219 1668 2442 1732 videtur,
2478 1684 2593 1720 esse
2628 1684 2762 1733 pm·

1692 1739 1866 1804 missa,
1901 1744 1983 1791 vel
2026 1759 2056 1793 e
2090 1743 2257 1793 tribus
2286 1745 2518 1795 Moesicis
2540 1746 2759 1811 legioni-

1693 1812 1788 1865 bus
1808 1816 1911 1867 duo
1932 1818 2095 1869 millia
2128 1820 2532 1885 vexillariorum,
2562 1828 2623 1874 ut
2643 1826 2758 1875 vult

1688 1890 1981 1959 Suetonius,
2004 1910 2124 1959 quoe
2148 1893 2409 1946 affuerunt
2430 1898 2632 1963 proelio,
2662 1907 2756 1951 aut

1687 1981 1718 2017 e
1758 1976 1981 2033 quatuor
2012 1972 2325 2037 legionibus,
2360 1980 2421 2023 ut
2456 1976 2571 2025 vult
2605 1976 2757 2027 Taci-

1688 2049 1804 2106 tus:
1838 2047 2025 2111 quibus
2054 2048 2129 2098 sic
2168 2055 2225 2099 et
2252 2050 2506 2100 vexillarii
2528 2052 2753 2105 Quarta-

1684 2118 2070 2173 decimanorum
2096 2126 2397 2176 accersendi
2418 2126 2639 2177 fuerint:
2675 2128 2750 2179 ita

1684 2202 1744 2245 ut
1764 2204 1989 2261 quatuor
2014 2199 2095 2250 lue
2128 2201 2376 2265 legiones,
2402 2200 2580 2265 Tereia,
2603 2203 2751 2254 Oete-

1679 2284 1757 2332 s«,
1802 2271 2015 2336 Βφιίηια
2062 2276 2231 2327 cloud.
2275 2284 2333 2327 et
2378 2276 2748 2333 wdecim·

1682 2347 2033 2405 praemiserint
2080 2348 2203 2399 bina
2250 2351 2413 2399 millia
2456 2352 2747 2405 vexillario-

1678 2436 1821 2485 rum3
1842 2431 1930 2476 aut
1948 2425 1992 2476 si
2011 2426 2173 2477 sentis
2190 2440 2310 2477 eum
2330 2426 2599 2492 Suetonio,
2621 2428 2744 2482 bina

1676 2500 1839 2550 millia
1854 2503 2123 2566 premissa
2142 2503 2247 2554 sint
2276 2517 2343 2552 ex
2377 2504 2545 2555 tribus
2570 2505 2743 2558 Moesi·
2770 2538 2777 2546 ·

1675 2576 1753 2626 cis
1774 2576 2094 2641 legionibus:
2126 2579 2202 2629 ita
2222 2585 2283 2630 ut
2297 2579 2551 2632 vexillarii
2574 2584 2743 2635 Quar-

1674 2652 2115 2706 tadecimanorum
2148 2655 2341 2706 diversi
2361 2671 2425 2707 ac
2448 2656 2684 2708 distincti
2706 2673 2737 2709 a

1670 2729 1952 2781 vexillariis
2008 2732 2241 2782 Moesicis
2293 2731 2505 2783 fuerint.
2600 2733 2735 2784 Qun

1664 2805 1903 2856 Suetonii
1920 2808 2143 2858 maxime
2161 2811 2395 2871 pugnant
2408 2821 2525 2857 cum
2534 2806 2736 2870 heito,

1668 2882 1757 2946 qul
1779 2883 1893 2933 vult
1909 2883 2199 2947 praemissos
2220 2884 2337 2933 illos
2370 2880 2576 2933 affuisse
2598 2897 2731 2948 pra:-

1666 2965 1843 3009 sentes
1864 2959 2061 3010 Othoni
2079 2959 2145 3010 ad
2172 2959 2473 3020 Brixellum,
2488 2965 2546 3008 et
2567 2959 2734 3011 Quar-

1632 3065 1637 3070 -
1665 3035 2016 3086 tadecimanos
2056 3035 2354 3086 vexillarios
2398 3033 2581 3100 prelio
2625 3037 2729 3087 Be·

1662 3109 1919 3161 driacensi
1938 3111 2107 3163 victos
2135 3127 2271 3164 esse.

1726 3187 1797 3238 Et
1817 3187 2015 3238 frustra
2031 3190 2319 3240 miscentur
2333 3193 2427 3239 aut
2444 3188 2727 3240 concilian-

1657 3268 1745 3312 tur
1766 3273 2039 3316 auctores:
2071 3266 2251 3330 sicque
2272 3263 2535 3314 historiam
2556 3263 2723 3327 magis

1652 3337 1937 3391 obscurant
1953 3341 2286 3403 interpretes.
2322 3337 2719 3404 Distinguendae

1650 3419 1771 3464 sunt
1793 3420 1997 3464 tantum
2014 3413 2440 3478 circumstantie,
2456 3415 2509 3464 in
2531 3413 2719 3478 quibus

1650 3488 1925 3549 dissident.
1945 3496 2004 3540 et
2024 3489 2245 3555 quilibet
2274 3495 2461 3540 auctor
2494 3489 2597 3541 sibi
2634 3503 2717 3542 re-

1647 3563 1972 3629 linquendus.

1710 3645 1738 3681 σ
1757 3639 2079 3702 Ρνοιυὸαιίσ,
2098 3641 2182 3706 φη·
2200 3643 2261 3691 de
2283 3639 2496 3704 Othone]
2521 3641 2587 3692 Id
2608 3646 2713 3706 est,

1646 3715 1847 3778 Spretis
1869 3716 2205 3781 rejectisque,
2226 3719 2315 3784 qui
2353 3714 2551 3769 rictum
2571 3733 2711 3783 eum,

1644 3797 1701 3840 et
1716 3790 1909 3842 vixisse
1924 3792 2185 3844 dicebant.
2219 3793 2373 3847 Quod
2394 3795 2539 3846 Suet.
2556 3794 2713 3858 dixit,

1642 3865 1659 3894 ‘
1676 3869 1868 3918 rumori
1890 3883 1979 3918 eos
1998 3884 2101 3920 non
2124 3870 2446 3932 credidisse,’
2458 3876 2517 3919 nt
2536 3870 2707 3918 solent

1638 3941 1871 3992 homines
1894 3944 1946 3993 in
1966 3961 2109 4010 spem
2132 3961 2277 3997 suam
2290 3947 2459 4011 proni.
2493 3943 2704 4008 uper-e.

1704 4019 2029 4086 vamwis,
2068 4022 2123 4073 id
2164 4031 2267 4086 est,
2290 4022 2549 4087 disjectis,
2584 4035 2704 4086 pro·

1636 4097 1817 4162 pulsis,
1838 4097 2128 4168 fugatisque
2140 4118 2156 4151 ε
2188 4109 2271 4174 est
2286 4099 2423 4148 enim
2444 4097 2543 4148 boe
2562 4097 2699 4162 plus-

1634 4187 1786 4238 quam
1806 4178 1995 4242 spretis.
2058 4176 2375 4228 violentiam
2398 4176 2595 4243 qnippe
2616 4189 2695 4226 ar-

1633 4251 1746 4316 guit
1766 4253 1927 4320 clare,
1946 4269 2065 4306 cnm
2096 4252 2277 4304 addit:
2310 4252 2694 4318 ‘laceratisque
