3209 4925
2472 383 2649 450 8119

455 540 828 604 clauserant
885 539 1208 606 Romani:
1282 545 1360 604 ut
1413 542 1753 626 colloquia
1810 559 2335 626 congressusque
2386 551 2646 614 nostros

456 646 785 712 arcerent:
829 643 962 720 vel,
999 641 1178 725 quod
1215 644 1756 707 contumeliosius
1794 649 1897 706 est
1936 643 2093 708 viris
2122 643 2210 710 ad
2238 663 2427 710 arma
2448 649 2646 728 natis,

456 739 736 806 i‘nermes
768 761 862 816 ac,
893 752 1136 827 prope⁵
1183 744 1366 820 nudi,
1415 748 1543 809 sub
1589 745 1865 810 custode
1910 752 1977 809 et
2023 747 2237 828 pretio
2266 745 2650 812 coiremus.²

457 839 613 920 Sed,
663 850 736 908 ut
779 844 1080 910 amicitia
1125 845 1540 927 societasque
1582 849 1804 910 nostra
1844 845 1913 908 in
1960 850 2278 910 aeternum
2324 851 2473 912 rata
2500 848 2651 926 sit‚⁴

451 403 718 466 &Cdo-1
1118 395 1645 446 ntsToRIAnvn
1696 397 1845 444 mn.
1894 397 1995 446 tv.

452 987 588 1038 mani
609 1004 622 1038 ε
659 997 717 1040 ut
737 993 982 1040 sermonis
1003 991 1166 1041 mutui
1189 992 1500 1042 commercia
1515 998 1906 1056 conventusque
1927 997 2132 1041 nostros
2152 992 2513 1056 prohibet-eun
2544 995 2648 1056 vel,

452 1053 585 1115 qnod
609 1053 996 1116 ignominiosius
1019 1063 1102 1104 est
1125 1057 1328 1118 populis
1364 1056 1431 1104 ad
1467 1057 1655 1106 bellum
1690 1057 1901 1118 genitis,
1936 1059 1991 1104 ut
2026 1056 2265 1119 inermes,
2303 1071 2365 1106 ac
2426 1071 2551 1120 rope
2570 1059 2649 1108 in·

455 1115 602 1180 tecti,
625 1119 718 1166 sub
741 1118 897 1181 vigile
923 1134 982 1167 ac
1007 1119 1232 1167 satellite
1269 1128 1325 1168 et
1361 1120 1528 1168 soluta
1561 1119 1784 1184 pecunia
1823 1119 2231 1168 conveniremus.
2294 1121 2361 1169 Se
2400 1157 2415 1182 ‚
2448 1130 2506 1170 ut
2528 1136 2648 1172 con-

415 1229 418 1232 .
452 1179 628 1228 cordia
649 1179 916 1245 foedusque
941 1187 1170 1232 nostrum
1193 1182 1245 1230 in
1269 1184 1638 1247 sempiternum
1662 1187 1899 1245 perstent
1906 1183 2075 1246 firma,
2095 1183 2318 1246 petimus
2342 1199 2371 1231 a
2393 1185 2560 1249 vobis,
2592 1191 2649 1234 ut

1378 1308 1733 1329 OOOOOOOOOOO

451 1406 642 1450 terram.
709 1400 885 1451 Editio
923 1401 1183 1467 princeps,
1214 1411 1262 1453 et
1299 1409 1591 1454 terram—3
1628 1405 1855 1454 Budeus.
1880 1405 2011 1454 male
2033 1407 2233 1456 inermes
2252 1422 2335 1455 nec
2350 1407 2491 1470 probe
2512 1409 2644 1458 nudi.

455 1463 732 1514 obest—4
764 1465 852 1514 Sic
873 1467 1002 1516 Mss.
1029 1469 1156 1530 Reg.
1176 1465 1302 1530 Agr.
1326 1468 1488 1518 editio
1505 1470 1771 1532 princeps,
1795 1471 2043 1519 Ernestus
2066 1477 2121 1519 et
2144 1471 2477 1520 recentiores.
2514 1472 2642 1520 Mss.

454 1525 605 1576 Harl.
629 1529 783 1580 Bodl.
805 1529 917 1579 Jes.
955 1537 1012 1578 et
1047 1531 1385 1596 Puteolanus,
1416 1537 1528 1580 ruta
1546 1533 1681 1590 εἰπέ,-
1714 1539 1769 1582 et
1804 1534 1877 1582 sic
1902 1534 2132 1584 (ἔπαυον.
2168 1543 2225 1584 et
2260 1533 2523 1597 Rycltius3
2559 1534 2645 1584 hic

1377 1719 1386 1728 ,
1437 1665 1655 1716 NOTAE

451 1789 660 1840 bantur.
726 1779 1024 1855 occupasse
1067 1799 1124 1842 et
1164 1794 1412 1844 invasisse
1451 1795 1507 1844 id
1585 1809 1650 1845 11.
1674 1799 1757 1844 33.
1781 1796 1871 1844 ubi
1901 1796 1979 1846 bis
2010 1797 2247 1848 meminit
2280 1796 2499 1859 antoniis,
2532 1811 2564 1845 a
2586 1797 2645 1846 C.

451 1879 598 1916 omne
623 1865 950 1931 videbantur,
972 1869 1111 1932 quod
1136 1869 1268 1918 adiri
1289 1885 1392 1922 non
1417 1883 1504 1931 po·
1585 1871 1795 1919 Coesare
1834 1872 2032 1932 pastori
2072 1871 2318 1934 appositi,
2355 1871 2444 1935 qui
2474 1870 2649 1919 obser·

448 1947 606 1991 terat.
1583 1950 1747 2002 varet,
1781 1959 1847 1991 an
1878 1945 2114 1994 ebiberet
2148 1947 2335 2008 pocula
2355 1946 2646 2010 propinata.
2680 1955 2691 1964 ·

515 2013 528 2047 '
563 2016 662 2065 Sub
682 2018 868 2065 custode
885 2021 933 2065 et
943 2019 1100 2081 pretio
1122 2017 1372 2082 coir-emus]
1407 2017 1505 2088 Sub
1589 2014 1844 2065 Gruterus.

448 2093 653 2154 mode,
709 2093 795 2155 qui
837 2092 1136 2142 attenderet
1185 2095 1505 2158 loquentium
1652 2091 1773 2140 Non
1796 2093 1967 2155 agitur
1990 2092 2072 2143 bic
2095 2092 2161 2142 de
2194 2092 2409 2142 secretis
2446 2092 2549 2142 illis
2570 2091 2646 2142 in·

450 2166 784 2216 sermonibus.
855 2167 990 2216 Haec
1027 2169 1243 2220 Senecae
1286 2170 1321 2218 1.
1356 2183 1398 2218 1.
1440 2169 1504 2218 de

451 2241 616 2292 Clem.
641 2241 814 2305 capite
839 2247 918 2290 19.
953 2245 968 2270 ‘
997 2245 1132 2291 Vota
1165 2244 1260 2292 sub
1292 2243 1506 2292 custode

447 2316 898 2378 nuncupantibus!
949 2318 1067 2366 Non
1101 2324 1224 2368 sunt
1255 2319 1508 2380 capienda

448 2394 518 2442 de
539 2391 975 2454 observatoribus,
993 2393 1178 2456 quibus
1196 2407 1322 2442 cura
1340 2393 1428 2456 sit,
1447 2399 1507 2443 ut

446 2470 550 2521 rite
567 2478 930 2533 nuncupentur
953 2477 1102 2531 ψοίας
1133 2470 1228 2519 sed
1249 2470 1318 2519 de
1336 2484 1506 2519 sacer-

446 2544 588 2596 rimis
627 2545 761 2607 aliis,
802 2560 926 2609 quos
971 2546 1212 2609 princeps
1255 2552 1504 2607 tyrannus

448 2627 654 2671 secreto
685 2620 900 2684 apponit
934 2621 1013 2683 iis,
1047 2635 1172 2684 quos
1209 2621 1505 2685 suspicatur

446 2694 580 2745 male
601 2695 668 2743 de
694 2708 750 2744 se
772 2696 988 2759 opinari.

511 2770 649 2819 Plin.
675 2770 870 2831 Pane&
899 2771 913 2796 ‘
935 2770 1098 2821 Queri
1121 2769 1267 2831 libet,
1290 2770 1427 2833 quod
1451 2768 1504 2819 in

448 2850 652 2893 secreta
693 2850 873 2893 nostra
917 2858 1018 2893 non
1062 2844 1327 2907 inquirant
1369 2844 1506 2908 prin·

448 2918 610 2980 cipes,
646 2917 744 2965 nisi
781 2930 904 2980 quos
939 2916 1172 2966 odimus!
1239 2917 1369 2967 Inde
1406 2926 1504 2981 est,

451 2991 590 3055 quod
611 2990 676 3039 de
697 2990 900 3039 Tiberio
925 2990 1212 3054 prodiderit
1231 2992 1500 3057 Tranquil-

446 3067 526 3117 lus
561 3064 735 3131 capite
767 3070 850 3115 6⁸.
916 3067 932 3093 ‘
957 3066 1268 3129 Haruspices
1301 3076 1504 3127 secreto

447 3149 504 3191 et
525 3142 638 3191 siue
663 3142 880 3191 testibus
901 3141 1098 3189 consuli
1123 3142 1327 3192 vetuit?

509 3218 678 3267 Immo
721 3217 904 3265 eadem
944 3230 1098 3266 causa
1139 3216 1354 3279 legimus
1393 3220 1430 3267 l.
1461 3234 1501 3269 r.

447 3293 726 3344 Annalium
762 3296 845 3341 86.
879 3293 894 3321 ⁶
922 3292 1136 3340 Censuit
1175 3291 1406 3355 Asinius,
1444 3301 1504 3344 ut

443 3368 564 3419 libri
597 3368 838 3431 Sibyllini
876 3366 1173 3416 adirentur:
1210 3366 1386 3415 renuit
1418 3368 1504 3416 ‘ri-

447 3447 640 3509 bei-ius,
656 3444 870 3509 perinde
885 3442 1060 3493 diviua
1074 3444 1398 3509 humanaque
1413 3444 1502 3495 ob·

447 3520 664 3583 tegens!

512 3598 632 3645 Nec
669 3596 874 3645 aliunde
909 3597 1139 3660 queritur
1175 3596 1410 3658 Tacitus,
1447 3596 1500 3645 in

446 3670 558 3721 vita
599 3669 882 3733 Agricolae:
926 3673 942 3698 ⁴
971 3672 1222 3721 Dedimus
1263 3671 1501 3734 profecto

448 3744 643 3809 grande
687 3744 952 3806 patientia
991 3746 1386 3807 documentum3
1443 3754 1500 3797 et

445 3820 582 3871 sicut
601 3825 750 3867 vetus
786 3828 914 3867 setas
941 3818 1089 3882 vidit,
1119 3820 1243 3883 quid
1264 3821 1498 3870 ultimum

445 3895 780 3945 h-libertate
817 3901 987 3954 esset3
1034 3896 1110 3943 ita
1147 3910 1239 3943 nos
1280 3896 1404 3959 quid
1443 3897 1496 3945 in

445 3972 726 4031 servitute3
759 3971 978 4017 -ademto
1013 3984 1106 4032 per
1139 3972 1497 4033 inquisitiones

447 4052 504 4097 et
533 4046 774 4110 loquendi
797 4044 1136 4106 audiendique
1159 4045 1497 4096 commercio.'

515 4122 732 4173 custodis
750 4121 979 4182 nomine,
1011 4120 1186 4168 venire
1213 4121 1370 4169 talem
1389 4129 1500 4171 ota-

448 4202 648 4264 custen‚
677 4196 852 4261 arguit
885 4194 1016 4247 iilud
1051 4195 1284 4261 Senecae,
1313 4196 1382 4246 de
1413 4195 1504 4247 Ira

1587 2167 1943 2230 quisitoribus,
1974 2182 2065 2217 seu
2089 2169 2407 2230 custodibus,
2444 2173 2649 2218 secreto

1587 2244 1839 2307 appositis
1863 2259 1896 2292 a
1916 2243 2266 2308 principibus:
2302 2243 2386 2292 isti
2418 2245 2649 2306 custodes,

1592 2321 1762 2382 palam
1780 2327 1835 2370 et
1852 2321 2057 2382 publice
2080 2319 2205 2381 dati,
2220 2319 2493 2369 Germanis
2510 2333 2647 2368 corn-

1589 2395 1882 2446 meuntibus
1920 2395 1986 2443 ad
2026 2395 2188 2457 ripam
2228 2395 2377 2444 Rom.
2422 2393 2511 2457 qui
2543 2407 2647 2444 non

1589 2472 1751 2521 solum
1766 2472 2099 2521 attenderent
2120 2470 2468 2533 loquentibus,
2480 2469 2571 2519 sed
2590 2476 2648 2520 et
2750 2512 2757 2519 .

1589 2546 1929 2597 observarent
1962 2546 2085 2611 quid
2124 2554 2355 2609 agerent,
2392 2559 2456 2593 ne
2478 2551 2643 2594 coetus

1588 2630 1681 2672 aut
1723 2621 2068 2671 conciliabula
2106 2619 2377 2681 baberent,
2415 2633 2479 2669 ne
2522 2619 2645 2684 quid

1583 2698 1888 2747 molirentur
1904 2698 2147 2746 adversus
2172 2694 2431 2759 Rempub.
2456 2695 2641 2745 Roma·

1585 2785 1728 2821 nam:
1766 2772 1904 2835 quod
1928 2772 2146 2820 maxime
2168 2772 2421 2821 cavebant
2444 2771 2494 2819 in
2516 2771 2645 2820 limi-

1585 2846 1725 2896 tibus
1748 2846 1978 2909 imperii;
2012 2848 2085 2894 ita
2108 2853 2167 2896 ut
2183 2847 2455 2895 immensas
2476 2856 2643 2895 terras

1582 2921 1805 2971 incultus
1841 2921 1939 2969 sibi
1974 2920 2243 2983 haberent,
2278 2928 2531 2983 praetextu
2566 2935 2643 2968 ar-

1583 3004 1871 3046 mentorum
1894 2995 2133 3054 militum,
2155 3000 2213 3042 ut
2237 2994 2415 3056 procul
2440 3009 2644 3043 amove·

1583 3079 1703 3122 rent
1724 3072 1983 3121 barbaros.
2409 3070 2413 3077 '

1648 3148 1718 3195 Et
1746 3151 1891 3195 certe
1924 3143 2103 3207 paucis
2132 3142 2450 3193 commeandi
2487 3142 2641 3205 copia

1583 3234 1849 3273 concessa.
1869 3221 1998 3269 Tac.
2017 3221 2084 3268 de
2100 3220 2235 3267 Mor.
2258 3219 2439 3269 Germ.
2462 3221 2478 3247 ‘
2504 3220 2641 3268 Her-

1581 3296 1947 3347 mundurorum
1961 3294 2141 3343 civitas
2156 3294 2259 3341 fida
2273 3292 2511 3341 Romanis
2525 3309 2538 3341 :
2558 3306 2641 3342 eo-

1582 3386 1681 3436 que
1693 3371 2309 3429 solisGermanorum‚non
2319 3370 2369 3416 in
2384 3370 2497 3431 ripa
2508 3382 2641 3417 com·

1579 3447 1845 3506 mercium,
1868 3446 1959 3493 sed
1982 3446 2189 3508 penitus
2212 3456 2369 3508 atque
2391 3445 2443 3491 in
2466 3444 2639 3505 splen·

1579 3521 1845 3569 didissima
1902 3521 2118 3569 thoetia·
2176 3520 2453 3581 provinciae
2498 3517 2637 3566 colo-

1578 3596 1690 3644 nia:
1722 3594 1909 3657 pusim
1924 3602 1979 3643 et
1990 3594 2099 3641 sine
2112 3594 2325 3643 custode
2344 3597 2639 3652 transeunt3

1577 3676 1635 3718 et
1665 3684 1781 3719 cum
1814 3672 2003 3718 ceteris
2038 3668 2277 3731 gentibus
2311 3683 2451 3715 arma
2484 3667 2639 3715 modo

1579 3754 1855 3807 castraque
1876 3752 2055 3793 nostru
2076 3744 2423 3804 ostendamus,
2453 3743 2529 3791 his
2546 3742 2639 3791 do-

1579 3834 1685 3869 mos
1712 3822 1961 3885 villasque
1986 3818 2363 3884 patefecimus,'
2386 3822 2486 3867 &c-

1649 3899 1775 3947 ldeo
1797 3913 1914 3945 mox
1938 3897 2235 3959 permissum
2270 3894 2497 3943 barbaris
2516 3906 2639 3943 con-

1581 3974 1757 4021 venire
1788 3978 1985 4021 tantum
2007 3972 2167 4019 semel
2194 3971 2247 4017 in
2266 3982 2460 4029 mense,
2488 3976 2639 4016 certo

1579 4048 1712 4111 loco,
1742 4048 2041 4097 centurione
2074 4052 2335 4112 prasente
2358 4050 2412 4093 et
2432 4044 2635 4106 inspec-

1577 4132 1693 4175 tore
1712 4141 1725 4176 z
1758 4124 1832 4175 sic
1855 4124 1977 4174 Dio.
