3209 4925
602 368 781 438 2896

1311 385 1376 434 C.
1427 382 1620 433 coRN
1635 383 1788 432 nnn
1837 383 2096 432 TAct'rt

2486 385 2584 450 [A.
2605 387 2676 440 U.
2697 391 2817 442 ΘΒ.

604 551 729 596 nec
760 527 1177 596 sermonibus
1202 528 1638 611 temperabat,
1669 527 2064 595 immodicus
2081 515 2366 612 lingua,i
2399 532 2466 592 et
2509 529 2820 630 obsequii

604 633 896 720 insolens
920 651 939 694 ε
1012 631 1237 694 literas
1296 628 1381 693 ad
1441 629 1938 712 Vespasianum
1996 629 2396 713 composuit,
2446 630 2820 730 jactantius

604 731 805 820 quani
832 732 921 800 ad
950 731 1383 814 Principem,⁰
1404 747 1531 796 nec
1556 733 1700 796 sine
1725 731 1988 796 occulta
2017 733 2086 796 in
2107 730 2500 796 Mucianum
2527 733 2820 800 insecta-

601 956 699 1006 aiis
718 955 1023 1006 accrevissent
1042 955 1317 1005 discrimina
1336 972 1440 1008 sua.
1508 956 1615 1006 Nec
1648 955 1994 1019 uastoque-tia
2029 953 2315 1017 abstinebat,
2353 953 2532 1006 nanis·
2567 952 2741 1016 sustu,
2767 959 2820 1004 st

604 1019 807 1083 obsequii
838 1021 1129 1095 intolerant-
1148 1021 1339 1084 scripsit
1372 1022 1591 1098 epistolas
1627 1023 1692 1071 ad
1729 1020 2066 1098 Vespasianum
2087 1020 2330 1081 audacius,
2360 1034 2498 1096 quam
2535 1019 2728 1095 deceat
2756 1019 2821 1066 d

608 1081 959 1147 Imperatorem,
981 1099 1064 1133 aec
1084 1099 1187 1134 stne
1207 1089 1356 1134 tac-sta
1376 1099 1429 1134 tn
1458 1085 1736 1136 Mucianum
1756 1089 2080 1135 mmmdwne
2092 1099 2111 1143 ,⁰
2131 1083 2200 1133 Se
2218 1083 2578 1134 Pannonicum
2601 1083 2821 1132 militem

1533 1222 1708 1242 000000

1715 1221 1888 1243 000000

602 1323 769 1389 lanus,
788 1325 1083 1375 coaluissent.
1136 1326 1266 1376 Mss.
1288 1325 1419 1390 Rex.
1435 1324 1564 1391 Agr.
1584 1332 1642 1375 et
1664 1325 1830 1376 editio
1852 1325 2114 1392 princeps,
2129 1325 2342 1376 luissent.
2375 1325 2704 1376 Brotier.-—8
2731 1323 2824 1374 Ita

1602 1509 1816 1560 Nom-2

604 1655 718 1716 bili,
739 1669 889 1721 qnam
907 1653 947 1705 si
969 1670 1217 1720 prospera
1238 1659 1293 1704 et
1315 1655 1529 1720 egregia
1548 1669 1669 1705 con·

605 1731 721 1783 uilia
759 1731 1001 1796 factaque
1040 1731 1199 1794 ipsius
1240 1731 1392 1780 aliter
1415 1731 1671 1781 aestirneu-

605 1815 709 1870 tur,
732 1821 793 1856 ae
814 1807 1025 1867 meruit,
1046 1822 1106 1856 ac
1130 1807 1377 1870 speravit,
1398 1821 1515 1858 cum
1537 1807 1670 1856 bene

608 1887 783 1930 tamen
801 1886 857 1942 et
871 1879 1102 1931 fideliter
1123 1888 1309 1945 ageret
1328 1883 1348 1930 ?

672 1957 833 2007 Certe
847 1956 957 2020 jam
977 1956 1053 2006 sic
1076 1958 1441 2008 coalescebant
1454 1957 1672 2008 Antonii

603 2032 853 2097 pericula,
890 2031 981 2081 sed
1023 2032 1248 2082 nondum
1290 2042 1463 2083 tamen
1500 2035 1671 2083 scelus

606 2108 820 2171 coargui
858 2108 1046 2172 potuit.
1112 2109 1447 2173 Proper-abst
1483 2109 1549 2159 ad
1572 2111 1674 2160 vic-

606 2185 813 2245 toriam,
848 2183 913 2232 ad
950 2185 1165 2247 gloriam
1203 2183 1463 2248 profligati
1507 2185 1666 2235 belii:

604 2274 726 2310 num
749 2274 874 2324 ergo
896 2261 1062 2308 scelus
1082 2258 1215 2310 fuit?
1250 2261 1419 2324 potius
1452 2262 1669 2312 aliorum

602 2337 791 2386 ducum
844 2338 1105 2387 :emulatio
1160 2337 1235 2386 sie
1288 2338 1450 2388 videri
1490 2341 1671 2389 voluit.

604 2413 916 2464 coalescunt
976 2413 1135 2463 etiam
1200 2412 1359 2475 ipsius
1420 2414 1672 2478 pericula,

602 2502 720 2537 curn
758 2488 949 2539 debitis
984 2488 1210 2550 pramiis
1248 2489 1543 2552 spoliatur:
1576 2491 1672 2540 sed

604 2562 899 2627 principum
940 2563 1023 2611 hic
1068 2577 1177 2611 mos
1221 2569 1320 2623 est,
1366 2570 1455 2612 aut
1496 2566 1671 2626 potius

604 2636 837 2701 pravitas
864 2638 1166 2700 aulicorum,
1196 2650 1287 2686 seu
1312 2638 1672 2701 magistrorum

610 2713 989 2763 dominationis.
1046 2714 1240 2777 Magna
1262 2714 1447 2763 merita
1471 2716 1670 2777 magnis

608 2791 872 2855 periculis,
895 2797 953 2839 et
974 2804 1111 2853 saepe
1135 2789 1275 2850 odio,
1298 2791 1481 2852 livore,
1500 2791 1676 2841 vincu-

606 2865 689 2929 lis,
716 2872 806 2915 aut
828 2865 985 2914 etiarn
1020 2872 1187 2915 morte
1212 2872 1510 2928 pensantur.
1560 2868 1672 2915 Me-

606 2923 782 3001 rituni,
799 2941 935 3006 quod
962 2950 1175 3005 superat
1197 2940 1461 2991 fortunam
1483 2943 1673 3006 princi-

605 3019 706 3083 pis,
729 3032 970 3080 magnum
999 3018 1173 3065 statim
1198 3018 1393 3067 crimen
1430 3026 1531 3068 est.
1603 3018 1672 3068 Hi

606 3103 780 3146 tamen
804 3094 961 3143 duces
990 3109 1105 3143 eum
1128 3094 1349 3145 victoria
1370 3109 1511 3158 saepe
1535 3094 1670 3144 fero-

604 3172 773 3223 ciores
813 3184 965 3236 quam
1008 3169 1184 3231 decet,
1220 3178 1557 3233 corrumpunt
1594 3170 1669 3219 ui-

604 3254 685 3299 tro
706 3246 968 3297 fortunam
992 3259 1153 3307 suam,
1188 3252 1245 3295 et
1282 3245 1668 3311 magniloquen-

600 3324 677 3375 tia
692 3322 877 3383 fatum,
898 3323 1129 3385 iramque
1154 3320 1526 3369 dominantium
1550 3334 1668 3383 pro·

599 3407 810 3459 vocant,
836 3406 894 3446 ut
929 3410 1069 3459 saepe
1104 3410 1193 3443 eos
1226 3395 1437 3443 deserat
1457 3394 1668 3444 fortuna

602 3476 805 3535 leviter,
824 3488 883 3522 ae
908 3471 1175 3530 celeriter,
1194 3478 1251 3520 ut
1274 3486 1363 3520 eos
1386 3481 1664 3522 evexerat:

600 3558 655 3602 et
698 3556 835 3601 teste
874 3550 1072 3612 Curtio,
1108 3564 1185 3597 nr.
1240 3552 1254 3576 ‘
1282 3548 1513 3603 Fortuna
1535 3583 1549 3597 .
1573 3585 1587 3600 .
1611 3584 1628 3601 .
1653 3586 1668 3601 .

600 3642 788 3692 magna
808 3641 872 3676 ex
896 3634 1050 3689 parte
1084 3625 1259 3674 avidos
1284 3625 1458 3688 gloriae
1482 3628 1668 3690 magis,

600 3720 751 3771 qnam
777 3718 993 3767 capaces
1018 3700 1181 3751 facit!

663 3791 687 3818 ⁰
720 3782 998 3830 Jactantius
1012 3793 1149 3842 quam
1168 3780 1229 3827 ud
1252 3777 1547 3841 Principem]
1579 3778 1666 3829 sic

600 3874 761 3923 snpra
780 3860 815 3908 1.
838 3870 918 3907 tv·
944 3861 1021 3905 18.
1040 3856 1107 3903 de
1128 3855 1253 3902 Silio
1276 3870 1289 3901 z
1322 3858 1336 3882 ‘
1362 3853 1666 3905 Credebant

600 3935 833 3999 plerique
878 3938 1079 3981 auctam
1123 3929 1455 3979 offensionem
1502 3930 1664 3991 ipsius

600 4007 1004 4071 intemperantia
1062 4006 1337 4055 immodice
1392 4006 1670 4069 jactantis,

600 4096 749 4132 suum
784 4084 1001 4131 militem
1024 4084 1077 4131 in
1100 4081 1347 4146 obsequio
1384 4080 1665 4145 duravisse,

522 4206 533 4215 ,
600 4168 716 4206 eum
734 4156 821 4205 alii
842 4156 911 4205 ad
930 4158 1215 4207 seditiones
1236 4156 1664 4220 prolaberentnr3

598 4246 771 4299 neque
804 4246 1099 4283 mansurum
1126 4234 1335 4283 Tiberio
1372 4232 1666 4298 imperium,

1751 1655 1795 1704 si
1832 1655 1895 1705 iis
1929 1670 2133 1722 quoque
2166 1654 2453 1720 legionibus
2492 1653 2684 1718 cupido
2729 1667 2822 1704 no-

1751 1730 1907 1780 vandi
1945 1730 2146 1782 fuisset.
2213 1731 2428 1781 Destrui
2458 1743 2554 1794 per
2577 1729 2692 1778 haee
2714 1727 2822 1780 for-

1753 1813 1929 1856 tunam
1954 1822 2099 1856 snarn
2121 1807 2317 1869 Coesar,
2332 1805 2684 1869 imparemque
2711 1809 2826 1856 tan·

1755 1887 1808 1930 to
1829 1881 2015 1930 merito
2034 1882 2266 1932 rebatur.
2319 1881 2458 1930 Nam
2479 1878 2736 1930 beneficia
2757 1895 2824 1930 eo

1754 1973 1918 2022 usque
1962 1959 2086 2007 laeta
2131 1964 2270 2018 sunt,
2308 1955 2431 2005 dum
2453 1955 2701 2005 videntur
2735 1969 2830 2005 ex-

1755 2034 1884 2085 solvi
1908 2049 2092 2099 posse=
2131 2033 2219 2084 ubi
2243 2032 2459 2081 multum
2484 2037 2826 2096 antevenere,

1755 2123 1850 2173 pro
1876 2111 2048 2174 gratia
2065 2110 2242 2159 odium
2267 2107 2540 2158 redditur-,⁹

1818 2187 1880 2236 In
1916 2187 2053 2237 idem
2087 2185 2196 2236 fere
2228 2184 2498 2234 recidebat
2523 2181 2826 2247 Mucianus,

1751 2261 1884 2314 infra
1909 2263 2050 2312 Hist.
2072 2263 2105 2311 1.
2129 2277 2202 2310 lv.
2247 2263 2263 2291 ⁴
2289 2261 2352 2310 ld
2377 2275 2502 2323 erga
2525 2259 2822 2324 principem

1751 2340 2201 2397 contumeliosum,
2241 2336 2376 2402 quod
2415 2335 2662 2385 donatum
2685 2335 2822 2384 Ves-

1752 2415 1963 2478 pasiano
1989 2413 2256 2477 imperinm
2274 2410 2519 2476 jactabat
2539 2409 2571 2471 3'
2603 2407 2694 2460 sed
2717 2413 2825 2459 m‘e-

1753 2492 1880 2540 liore
1901 2490 2029 2540 fato.
2088 2490 2403 2539 Prudentius
2427 2488 2655 2551 comites
2677 2488 2822 2552 prin·

1753 2567 1926 2629 cipum
1947 2567 2326 2615 Germanorum
2349 2580 2362 2612 ε
2393 2566 2410 2592 ‘
2432 2563 2584 2612 Illum
2609 2563 2826 2626 [prinei-

1753 2640 1898 2705 pem]
1937 2640 2245 2701 defendere,
2285 2639 2439 2700 tueri,
2483 2651 2577 2685 sna
2613 2651 2822 2702 quoqne

1751 2716 1912 2767 fortia
1949 2716 2096 2766 facta
2139 2717 2320 2778 gloriae
2363 2716 2476 2778 ejus
2533 2714 2826 2776 assignare,

1752 2793 2066 2857 praecipuum
2088 2797 2468 2841 sacramentum
2492 2786 2610 2839 est!
2653 2790 2824 2839 Caute

1753 2877 1926 2919 tamen
1961 2870 2238 2919 Mucianus
2279 2874 2403 2917 ante
2435 2864 2708 2917 victoriam
2746 2867 2824 2917 lo·

1753 2946 2011 3010 quebatur
2035 2946 2174 2995 Hist.
2199 2958 2264 2993 ιι.
2306 2946 2322 2973 ⁶
2347 2942 2403 2992 Si
2428 2943 2704 3003 vincimus,
2733 2944 2824 2995 ho·

1753 3036 1931 3071 norem
1953 3036 2104 3087 quem
2127 3020 2357 3081 dederis,
2377 3018 2606 3080 babebo;
2637 3018 2826 3069 discri-

1749 3112 1866 3147 men
1887 3112 1948 3146 ac
1975 3096 2210 3161 pericula
2231 3110 2296 3144 ex
2321 3109 2474 3158 aequo
2495 3094 2824 3157 partiemur!

1809 3174 1968 3235 Saepe
1991 3178 2100 3221 stat
2121 3184 2218 3234 per
2234 3170 2392 3217 duces
2409 3169 2569 3231 ipsos,
2583 3169 2672 3232 qni
2695 3175 2822 3231 post

1749 3262 1934 3311 magna
1975 3247 2161 3296 merita
2199 3246 2254 3294 iu
2302 3244 2556 3309 Rempub.
2593 3247 2821 3295 servatis

1749 3322 1862 3372 scii.
1889 3322 2187 3386 provinciis,
2214 3322 2294 3370 vel
2336 3328 2391 3371 et
2429 3322 2541 3383 ipso
2583 3319 2825 3385 imperio,

1748 3398 2102 3459 celebrantur,
2141 3412 2206 3447 ne
2243 3402 2602 3447 remuneretur
2637 3408 2824 3445 eorum

1747 3474 1912 3523 virtus
1937 3481 2028 3523 aut
2051 3474 2197 3535 fides,
2221 3474 2341 3538 quia
2379 3472 2432 3521 hi
2461 3486 2604 3535 sepe
2621 3472 2824 3522 -hnmo-

1748 3548 1868 3597 dica
1885 3549 2107 3611 eupiunt
2145 3557 2202 3598 et
2241 3550 2353 3613 ipso
2393 3562 2554 3611 regno
2583 3548 2820 3613 maj0ra3

1748 3632 1800 3673 et
1820 3626 1958 3688 ipsos
1981 3624 2340 3674 tantummodo
2359 3622 2608 3683 irritabis,
2627 3624 2674 3671 si
2695 3637 2818 3686 spes

1747 3700 1902 3747 etiam
1941 3714 2004 3748 ae
2031 3708 2153 3747 vota
2194 3700 2394 3747 iiiornrn
2441 3712 2546 3747 non
2583 3712 2819 3761 mperes.

1753 3778 1938 3840 Neque
1959 3776 2096 3824 enim
2114 3776 2226 3838 jam
2244 3773 2576 3825 considerant
2591 3788 2678 3836 ea,
2695 3788 2818 3837 qum
2875 3812 2885 3818 .

1749 3853 1876 3915 ipsis
1921 3850 2215 3901 concedunt
2269 3850 2660 3913 imperitantes:
2695 3862 2818 3914 qun

1749 3928 1828 3977 vei
1871 3928 2178 3989 retinentur,
2215 3934 2308 3975 aut
2331 3930 2488 3974 etiam
2513 3924 2630 3973 aliis
2653 3922 2822 3974 tetba-

1749 4012 1922 4064 untur,
1943 4002 2196 4065 invident,
2219 4002 2360 4065 qnasi
2385 4014 2478 4049 sua
2493 4001 2632 4059 sint3
2665 4000 2818 4063 qnasi

1747 4077 1846 4127 sibi
1902 4074 2240 4126 auferantur:
2293 4075 2420 4139 quia
2467 4074 2646 4135 nimia,
2689 4074 2832 4137 quia-

1747 4153 1922 4204 omnia
1943 4160 2154 4217 sperant
2177 4153 2272 4214 illi,
2309 4166 2448 4215 sepe
2471 4148 2602 4199 nibil
2620 4148 2830 4213 adipis«

1745 4237 1952 4294 cuntur,
1977 4236 2068 4279 aut
2105 4228 2266 4289 etiam
2300 4242 2420 4293 qum
2448 4226 2564 4291 ,iam
2603 4224 2814 4279 obtine-
