3209 4925
587 371 768 444 2804
1313 378 1376 428 c·
1421 373 1786 430 connum!
1830 373 2085 424 ‘racl‘rl
2486 369 2809 442 [mussa.

591 550 798 620 quam
817 527 1064 616 raptim
1089 523 1376 606 ἀποίσω
1407 523 1817 608 aequabant:
1882 518 1993 586 Ita
2014 517 2273 584 mixtus
2298 523 2539 604 eques4
2562 515 2807 604 pedes,-

588 721 878 805 mm.
944 705 1034 784 ιη’
1049 731 1211 796 Junci
1244 730 1425 796 maa
1459 727 1726 793 equite-que
1758 739 2017 791 pompm
2048 724 2199 774 «σει-ι
2234 724 2486 788 rogim-0.
2550 726 2623 778 nt
2656 724 2815 779 οιεᾱηι

595 1025 626 1072 ⁸
657 1020 747 1072 Ita
766 1018 884 1071 libri
904 1033 1097 1081 omnes,
1118 1022 1175 1067 et
1195 1015 1350 1067 bene.
1416 1014 1534 1064 Nec
1558 1009 1885 1074 tentandum,
1924 1014 1984 1059 nt
2024 1009 2221 1072 placuit
2241 1005 2440 1073 Lipsio,
2460 1008 2638 1084 mpsim
2658 1007 2812 1058 deice.

592 1091 684 1138 tos.
753 1085 958 1151 Optimi
991 1082 1168 1142 militis
1205 1086 1307 1144 est,
1335 1091 1629 1146 quanquam
1668 1075 1857 1140 raptim
1893 1073 2059 1139 ducti,
2091 1073 2317 1124 vincere.
2374 1073 2685 1126 Brome-⁴
2714 1073 2813 1124 Sic

1587 1249 1812 1306 NOTAE

657 1403 682 1430 ⁸
716 1395 848 1452 Quo·
877 1389 1664 1454 „immusicum-itomanam
1742 1383 1929 1447 tincto,
1960 1387 2023 1432 ut
2058 1380 2299 1433 diximus.
2364 1380 2484 1431 Nec
2516 1379 2593 1430 illi
2628 1379 2817 1430 auxiliae

594 1470 776 1543 raptim
817 1470 997 1532 Mos,
1035 1464 1306 1530 αςιιώαὲ]
1371 1461 1663 1527 Iaegionarii
1744 1476 1863 1511 ares
1915 1461 2095 1524 raptim
2146 1459 2327 1522 dilecti,
2385 1466 2477 1509 aut
2528 1457 2820 1510 subitari-n

594 1560 692 1612 pro
713 1546 912 1610 optimo
944 1544 1166 1593 militnm
1188 1555 1380 1606 genere
1403 1539 1664 1589 babeban-
1744 1537 1910 1600 miles,
1930 1543 1990 1585 ut
2010 1537 2122 1586 vult
2145 1536 2384 1601 Lipsius3
2420 1543 2598 1586 vetera
2616 1535 2820 1588 auxilia

599 1628 707 1683 tur,
727 1619 868 1685 quod
905 1617 1125 1669 Romani
1160 1622 1355 1678 essent,
1387 1627 1554 1678 eaque
1584 1627 1665 1663 ar·
1746 1613 2005 1677 legionum
2024 1619 2193 1664 erant.

596 1702 805 1746 matura
827 1700 883 1744 et
905 1692 1178 1756 disciplina
1197 1690 1445 1740 exerciti:
1469 1694 1527 1738 at
1547 1701 1670 1737 aux·
1814 1689 2017 1752 Raptim
2036 1688 2223 1751 ductos]
2286 1685 2445 1739 Forte
2468 1703 2571 1737 non
2606 1693 2712 1738 tam
2734 1689 2815 1738 in-

597 1771 690 1822 ms
723 1783 928 1835 quoqne
961 1779 1323 1831 nonnunquam
1357 1766 1471 1829 pari
1505 1764 1671 1828 gloria
1748 1765 1913 1830 telligi
1939 1765 2113 1827 debet,
2134 1763 2250 1815 illos
2273 1765 2547 1815 auxiliares
2568 1765 2821 1818 Moesieos

601 1845 853 1911 agebant,
875 1843 916 1894 si
940 1857 1127 1908 nempe
1160 1842 1250 1892 diu
1272 1841 1478 1892 fortiter
1493 1855 1669 1912 ‘meru-
1748 1841 1905 1892 fuisse
1928 1842 2120 1908 raptim
2141 1841 2327 1892 ductos
2344 1841 2399 1891 in
2418 1841 2620 1906 praeuo,
2640 1857 2704 1892 ac
2726 1857 2821 1894 an·

597 1923 784 1986 issem,
817 1929 878 1972 ut
911 1921 1098 1972 Batavi
1131 1934 1292 1986 supra
1329 1919 1470 1970 Hist.
1491 1933 1558 1970 n.
1580 1923 1664 1969 28.
1750 1925 1856 1979 tea,
1878 1933 2067 1982 nempe
2088 1918 2211 1968 dum
2234 1933 2265 1968 e
2289 1918 2477 1968 Moesia
2498 1918 2689 1983 raptim
2712 1927 2823 1971 tra·

599 2005 657 2052 et
677 1999 870 2064 passim
882 1999 961 2048 bis
979 1997 1144 2048 libris.
1179 1991 1194 2006 ⁴
1743 1993 2005 2045 bebantur
2022 1993 2088 2043 ad
2104 1994 2457 2057 occupandam
2478 1994 2704 2045 Italiam.
2744 1995 2825 2046 Et

661 2077 752 2126 Sic
793 2076 956 2139 igitur
1004 2079 1062 2124 et
1105 2073 1350 2122 Moesicos
1391 2071 1667 2122 auxiliares
1749 2071 1792 2119 si
1816 2069 2030 2118 fuerunt
2069 2071 2260 2133 raptim
2297 2069 2443 2119 ducti
2464 2069 2518 2118 in
2542 2070 2737 2134 praelio,
2758 2069 2817 2120 id

600 2151 768 2216 gloria
817 2149 1018 2200 militiae
1076 2149 1318 2213 aequabat
1367 2147 1667 2213 legionariis
1746 2146 1848 2195 illis
1869 2144 1979 2195 fere
2015 2159 2283 2196 commune
2306 2143 2407 2195 fuit
2438 2159 2557 2196 cum
2592 2146 2726 2210 aliis,
2758 2154 2823 2198 et

602 2221 873 2290 Messalla,
899 2236 1186 2292 quanquam
1207 2224 1384 2289 raptim
1403 2226 1582 2275 ductos.
1751 2223 2015 2288 praecipne
2032 2223 2346 2286 legionariis,
2364 2221 2452 2289 qui
2470 2223 2587 2288 pari
2602 2223 2827 2289 impetu,

669 2301 788 2354 Hoc
811 2317 874 2353 eo
897 2302 1148 2366 pertinet,
1180 2313 1332 2364 pares
1351 2299 1509 2350 fuisse
1528 2299 1669 2350 habi-
1750 2306 1805 2350 et
1824 2307 2075 2365 quantum
2098 2299 2295 2363 patitur
2316 2313 2473 2363 grave
2500 2313 2707 2363 agmen,
2738 2301 2825 2351 in·

603 2386 687 2429 tos
737 2377 1032 2440 legionariis,
1080 2391 1370 2442 quanquam
1425 2383 1667 2426 recentes
1736 2376 2032 2426 cumbunt
2052 2381 2296 2425 natantem
2320 2376 2469 2424 aciem
2488 2375 2733 2439 hostium,
2754 2383 2825 2428 ut

600 2455 718 2507 illos
749 2453 1060 2517 legionarios
1095 2451 1214 2516 ipsi,
1250 2457 1310 2502 ut
1341 2450 1493 2501 modo
1525 2451 1670 2501 dixe·
1751 2466 1865 2501 eam
1888 2452 2096 2517 penitus
2117 2450 2468 2516 impellerent,
2490 2466 2553 2503 ac
2578 2449 2827 2518 profliga-

603 2537 706 2594 rat,
749 2543 845 2593 per
891 2536 1090 2578 tantum
1137 2528 1366 2591 spatium
1416 2542 1570 2577 cursu
1614 2533 1673 2577 et
1752 2536 1887 2578 rent.

603 2604 885 2671 pugnando
907 2604 1052 2665 fessi,
1069 2603 1503 2669 aggrederentur,
1528 2616 1672 2652 acce-

603 2681 764 2731 dente
802 2694 937 2730 nunc
978 2678 1137 2728 etiam
1181 2677 1380 2728 recenti
1419 2676 1671 2741 defatiga-

603 2757 768 2818 tione,
825 2756 960 2820 quod
1025 2755 1218 2821 raptim
1287 2754 1431 2805 ducti
1480 2760 1671 2805 essent.

603 2830 900 2883 Freinshem.

669 2906 998 2969 Legimus-iis]
1044 2906 1222 2957 Vertit
1244 2907 1506 2971 interpres
1529 2906 1671 2957 Gall.

607 2982 761 3037 Quod
798 2981 1048 3032 auderent
1079 2982 1308 3047 legiones
1341 2984 1566 3033 hostium
1599 2985 1673 3033 la-

605 3074 832 3112 cessere.
864 3059 969 3110 Sed
995 3059 1272 3109 universim
1290 3066 1346 3110 et
1369 3060 1671 3111 indistincte

601 3134 1002 3199 intelligendum
1041 3142 1140 3198 est,
1176 3134 1338 3188 fuisse
1385 3152 1535 3202 pares
1573 3139 1675 3187 vir·

605 3218 724 3264 tute
746 3220 803 3262 et
825 3212 1016 3263 decore
1039 3214 1334 3276 legionariis
1368 3213 1526 3266 etiam
1559 3230 1676 3264 sua·

604 3302 722 3340 tum
743 3288 987 3352 partium,
1011 3297 1067 3339 et
1087 3290 1494 3355 quibuscumque
1518 3290 1675 3353 legio·

603 3364 781 3429 uariis,
812 3370 868 3413 et
909 3365 1172 3427 pra-cipue
1193 3366 1318 3425 suis,
1341 3380 1432 3414 seu
1465 3366 1675 3415 victori-

605 3440 724 3504 bus,
765 3441 894 3489 licet
938 3448 1136 3490 tantum
1179 3442 1454 3491 auxiliares
1500 3448 1677 3491 essent

608 3516 818 3567 Moesicl
853 3516 946 3578 illi,
979 3524 1036 3565 et
1069 3518 1260 3581 raptim
1297 3516 1465 3568 ducti.
1533 3518 1673 3569 Quid

607 3592 794 3644 mirum
819 3592 870 3642 in
897 3608 958 3643 eo
983 3594 1140 3657 foret,
1163 3596 1203 3645 si
1229 3608 1380 3657 pares
1402 3595 1513 3657 jam
1537 3594 1677 3645 dice-

607 3674 790 3721 rentur
813 3669 963 3718 victis
987 3684 1122 3719 nunc
1147 3670 1440 3733 legionariis
1456 3666 1482 3719 2

675 3746 878 3809 Raptim
898 3744 1082 3807 ductos]
1117 3746 1428 3809 Forte,quia
1450 3758 1518 3793 ex
1541 3746 1677 3809 agris

607 3822 969 3887 pradabundi,
987 3836 1078 3870 seu
1106 3820 1383 3885 palabundi
1405 3820 1677 3883 redibant3

604 3902 662 3946 et
701 3903 808 3946 tum
839 3906 1013 3945 tamen
1049 3898 1262 3945 aliorum
1299 3898 1545 3947 virtutem
1567 3899 1679 3962 glo·

605 3970 839 4036 riamqu'e
877 3974 1284 4022 aemulabuntnr:
1321 3974 1563 4038 quicquid
1588 3975 1675 4035 sit,

605 4044 736 4097 licet
755 4050 1018 4098 auxiliares
1050 4058 1225 4099 essent
1248 4056 1303 4097 et
1333 4050 1511 4113 raptim
1541 4050 1679 4099 ducti

609 4124 670 4171 et
689 4118 833 4184 fessi,
863 4124 1060 4173 virtute
1093 4124 1400 4188 legionarios
1425 4138 1544 4174 suos
1579 4124 1675 4175 sub

609 4194 744 4248 bono
797 4196 932 4249 duce
979 4199 1344 4265 adaequabant,
1389 4201 1475 4252 vel
1515 4198 1677 4252 indis-

1817 2604 1887 2653 Et
1908 2605 1983 2654 sic
2019 2604 2361 2669 aequabantur
2392 2588 2682 2667 legionariis
2721 2606 2826 2657 mi·-

1751 2680 1879 2731 litiae
1913 2682 2090 2745 gloria,
2128 2681 2341 2745 egregio
2377 2680 2513 2731 duee
2555 2682 2827 2747 Messalla,

1755 2772 2048 2823 quanquam
2108 2757 2221 2805 illos
2267 2756 2458 2821 raptim
2507 2757 2747 2808 duxisset
2788 2774 2823 2811 e

1752 2832 1938 2881 castris
1954 2838 2045 2881 aut
2068 2846 2134 2880 ex
2157 2830 2290 2894 acie,
2310 2831 2530 2897 illosque
2545 2830 2827 2898 fatigasset

1754 2912 1903 2956 tanto
1926 2908 2129 2958 itinere.

1817 2984 1985 3033 Erant
2018 2984 2071 3032 in
2092 2983 2279 3033 Moesia
2301 2990 2406 3034 tres
2444 2984 2673 3048 legiones
2698 3002 2825 3039 cum

1751 3060 1855 3109 suis
1876 3059 2102 3122 auxiliis,
2126 3074 2245 3124 qnae
2286 3060 2480 3110 auxilia
2499 3060 2635 3111 haud
2659 3062 2827 3115 dubie

1753 3153 1785 3187 a
1816 3136 2035 3187 ducibus
2070 3138 2262 3187 bellum
2289 3138 2592 3202 parantibus
2630 3140 2823 3191 robore

1753 3218 1909 3263 ancta
1927 3212 2155 3264 funerant.
2226 3214 2339 3263 Hos
2378 3215 2653 3265 auxiliares
2684 3216 2831 3266 Μαι·

1754 3290 1886 3339 sicos
1937 3289 2087 3339 ducit
2140 3290 2388 3342 Messalla
2414 3290 2647 3357 raptim,
2684 3286 2831 3361 qnia,

1756 3373 1903 3429 puto,
1926 3365 2161 3430 expediti
2180 3367 2275 3429 illi,
2292 3376 2348 3418 et
2369 3368 2592 3417 maxima
2614 3384 2683 3418 ex
2706 3382 2828 3433 par-

1756 3447 1811 3489 te
1846 3442 2078 3506 equites;
2134 3457 2350 3506 quorum
2390 3444 2657 3507 praecipue
2694 3458 2829 3495 cura

1757 3514 1858 3565 fuit
1895 3518 2207 3579 proturbare
2248 3527 2306 3569 et
2344 3535 2681 3585 perrumpere
2738 3538 2831 3577 nn·

1755 3594 1938 3640 tantem
1958 3592 2106 3643 aciem
2122 3594 2537 3646 Vitellianorum.
2827 3630 2837 3637 -

1822 3667 2149 3719 Hinc·addit
2197 3670 2432 3733 Tacitus,
2484 3672 2590 3721 ‘ita
2625 3672 2831 3725 mixtus

1758 3757 1917 3806 eques
1984 3742 2249 3809 pedesque
2306 3760 2499 3809 rupere
2560 3746 2831 3810 legionum

1761 3816 1981 3882 agmen)
2046 3818 2117 3868 Et
2153 3816 2291 3869 forte
2312 3820 2361 3869 1ιί
2395 3822 2669 3872 auxiliares
2692 3822 2829 3872 Μω-

1759 3894 1854 3943 sici
1898 3903 2285 3957 praecesserant
2342 3912 2501 3960 grave
2560 3896 2827 3962 legionum

1758 3972 2085 4021 Moesicarum
2134 3986 2335 4037 agmen,
2372 3973 2427 4023 in
2470 3974 2679 4023 ltaliam
2732 3974 2827 4025 ad-

1757 4056 2046 4099 ventantes.
2108 4049 2302 4114 Sicque
2356 4050 2576 4115 intelligi
2626 4058 2827 4116 potest,

1755 4126 1933 4189 raptim
1962 4128 2131 4175 ductos
2152 4140 2288 4188 esse,
2324 4132 2384 4176 et
2422 4126 2473 4177 in
2496 4126 2702 4193 itinere,
2729 4133 2827 4179 ant

1754 4202 1939 4253 saltem
1965 4203 2019 4254 in
2034 4203 2133 4253 hoc
2149 4202 2350 4267 praelio.
2790 4198 2797 4205 ’
