3209 4925
517 315 702 388 m
859 369 868 376 .
1209 333 1699 412 »sevisum-n
1742 335 1891 400 ms.
1936 335 2043 386 nr.

520 477 908 552 Domitiano
934 475 1130 547 Titus
1170 475 1448 560 mitigat.
1507 476 1621 545 58.
1666 475 1847 544 Oura
1878 477 2265 544 restimendi
2292 477 2599 564 capitolii
2642 481 2713 546 in

523 581 604 656 L.
633 580 994 652 Vestinum
1019 580 1280 646 collata.
2626 637 2633 648 .

607 685 716 750 54.
759 682 1010 750 Audita
1057 699 1230 747 mors
1258 677 1516 746 Vitellii
1543 679 1997 763 duplicaverat
2015 681 2264 746 bellum
2310 700 2431 764 per
2459 679 2727 752 Gallias

523 784 1076 867 Germaniasque.
1125 782 1294 847 Cum
1319 782 1625 848 incendio
1652 783 1953 864 capitolii
1976 781 2129 848 finis
2154 781 2451 865 imperio
2478 784 2717 852 adesse

523 887 833 958 creditus.
921 884 1202 950 55-58.
1247 883 1600 948 Interfecto
1662 881 2073 959 Hordeonio,
2128 885 2513 966 conspirant
2562 905 2721 954 cum

528 987 746 1056 Civile
772 994 840 1053 et
861 987 1164 1052 Classico
1209 985 1438 1050 Julius
1481 985 1695 1048 Tutor
1735 988 1801 1047 et
1848 983 2069 1048 Julius
2116 983 2447 1049 Sabinus:
2488 991 2726 1052 nutant

524 1089 800 1174 reliquae.
828 1090 1094 1156 Galliae.
1184 1085 1512 1151 Romanae
1543 1103 1807 1168 quoque
1839 1084 2131 1167 legiones
2170 1090 2523 1162 tentantur,
2550 1086 2726 1150 frus·

525 1195 628 1256 tra
651 1192 962 1256 renitente
977 1187 1262 1266 Vocula,
1285 1207 1420 1270 quo
1461 1187 1569 1250 59.
1589 1187 1699 1250 60.
1742 1205 1953 1262 caeso,
1984 1185 2357 1267 vinctisque
2384 1185 2729 1254 Herennio

527 1297 598 1357 et
643 1289 962 1355 Numisio
1018 1289 1316 1369 Legatis,
1359 1290 1524 1352 istas
1572 1306 1699 1370 pro
1745 1284 2036 1369 Imperio
2086 1286 2455 1350 Galliarum
2502 1306 2737 1352 sacra-

526 1396 748 1459 muto
793 1391 1005 1472 adigit
1047 1390 1312 1464 Civilis,
1357 1389 1572 1453 Tutor
1622 1385 2169 1471 Agrippinenses,
2216 1387 2561 1452 Classicus
2608 1391 2729 1455 ob-

531 1511 758 1558 sessos
785 1492 873 1556 ad
913 1491 1180 1556 Vetera.
1267 1490 1376 1553 61.
1421 1488 1688 1565 Civilis,
1714 1489 1849 1552 voti
1896 1505 2201 1569 compos,
2250 1489 2493 1554 crinem
2522 1488 2731 1572 depoe

531 1595 686 1660 suit.
792 1593 972 1658 Tum
1025 1597 1096 1656 et
1145 1593 1356 1676 major
1409 1591 1773 1654 auctoritas
1824 1586 2123 1652 Veledae.
2206 1588 2319 1652 62.
2364 1588 2731 1673 captarum

529 1692 862 1776 legionum
889 1699 1202 1756 moestum
1229 1691 1566 1774 silensque
1591 1707 1866 1771 agmen.
1952 1687 2088 1756 Ala
2126 1689 2475 1756 Picentina
2496 1709 2731 1758 necem

529 1791 821 1859 Voculae
849 1791 1163 1858 vindicat.
1249 1793 1532 1858 63—65.
1575 1789 1861 1856 Colonia
1901 1791 2434 1876 Agrippinensis,
2482 1791 2730 1857 'rr-ans·

531 1893 842 1960 rhenanis
888 1894 1193 1976 gentibus
1235 1894 1476 1970 invisa,
1521 1893 1596 1956 in
1640 1913 1966 1959 summum
2014 1893 2369 1958 discrimen
2418 1893 2731 1971 adducta,

535 2013 691 2060 cum
719 1994 936 2060 Civile
981 1997 1364 2062 societatem
1405 1996 1552 2073 init,
1600 1991 1885 2060 Veledae
1930 1993 2199 2060 Numen
2244 1995 2437 2060 donis
2484 1997 2735 2079 placat.

533 2095 646 2161 66.
691 2096 929 2161 civilis
981 2097 1315 2173 Betasios,
1374 2093 1701 2176 Tungros,
1760 2093 2050 2159 Nervios
2102 2097 2175 2160 in
2218 2095 2415 2160 fidem
2462 2097 2733 2181 accipit.

533 2197 648 2280 67,
695 2197 860 2262 Fusi
907 2198 1235 2280 Lingones
1282 2217 1325 2261 a
1369 2197 1744 2279 Sequanis3
1815 2195 1887 2262 J.
1942 2197 2233 2261 Sabinus
2282 2197 2497 2263 victus
2548 2199 2733 2266 latet.

535 2299 644 2368 68.
665 2337 668 2340 ·
689 2297 1051 2362 Mucianus
1097 2317 1250 2362 cum
1291 2298 1679 2362 Domitiano
1728 2296 1816 2361 ad
1861 2297 2107 2362 bellum
2132 2298 2519 2380 accingitur.
2618 2299 2735 2366 Θ.

539 2399 742 2467 Remi
771 2399 1032 2464 Gallias
1058 2400 1126 2463 in
1152 2397 1285 2464 fide
1313 2399 1625 2463 Romana
1652 2397 2064 2477 conservant,
2094 2400 2397 2482 exceptis
2424 2399 2743 2467 Treveris

537 2506 739 2585 atque
767 2499 1192 2581 Lingonibus.
1273 2500 1386 2564 70.
1429 2497 1566 2563 Sed
1591 2517 1716 2562 nec
1754 2499 1841 2561 iis
1866 2516 1991 2562 nec
2016 2499 2291 2583 reliquis
2326 2500 2735 2579 civitatibus,

537 2620 658 2665 nec
685 2600 858 2682 ipsis
881 2598 1218 2675 Ducibus,
1267 2598 1434 2662 satis
1484 2598 1746 2663 consilii
1792 2616 1875 2662 ae
1922 2598 2321 2666 concordiae.
2406 2600 2616 2667 Tutor
2644 2606 2739 2671 ad

539 2700 856 2784 Bingium
879 2701 1120 2766 victus.
1205 2700 1316 2765 71.
1361 2700 1649 2765 Petilius
1680 2698 1963 2765 Cerialis
1992 2700 2495 2783 Mogontiacum
2532 2705 2739 2782 venit,

540 2820 700 2887 spes
730 2800 1184 2867 Romanorum
1238 2802 1450 2884 erigit,
1477 2800 1909 2867 Valentinum
1940 2802 2199 2865 Ducem
2236 2822 2473 2885 magna
2516 2808 2747 2887 strage

543 2904 852 2971 affectum
907 2904 1112 2987 capit.
1195 2904 1307 2968 72.
1349 2902 1683 2973 Treveros
1734 2904 1955 2967 intrat.
2042 2902 2399 2982 Militibus,
2456 2905 2735 2969 exitium

539 3004 724 3071 urbis
748 3004 1201 3087 poscentibus,
1247 3002 1519 3068 resistit.
1602 3000 1846 3068 Victus
1888 3004 2186 3084 legiones
2210 3004 2281 3067 in
2314 3008 2541 3068 castra
2564 3002 2742 3070 reci-

541 3102 666 3189 pit.
750 3104 860 3170 ¹13.
901 3105 1010 3169 74.
1070 3103 1396 3169 Treveros
1438 3109 1507 3169 et
1559 3102 1895 3185 Lingonas
1956 3102 2155 3169 officii
2214 3102 2543 3175 admonet.
2626 3106 2743 3171 75.

543 3204 784 3272 civilis
803 3212 872 3270 et
889 3204 1244 3271 Classicus
1273 3204 1362 3269 ad
1389 3203 1720 3269 Cerialem
1744 3206 1969 3269 literas
1992 3205 2281 3281 mittunt,
2310 3204 2397 3269 ad
2421 3224 2595 3288 quas
2620 3206 2741 3272 ille

541 3307 726 3372 nihil.
809 3308 914 3373 76.
963 3306 1204 3373 Civilis
1253 3306 1715 3386 cunctandum,
1760 3306 1969 3375 Tutor
2010 3311 2081 3371 et
2120 3306 2465 3371 Classicus
2508 3310 2739 3375 statim

542 3408 986 3491 pugnandum,
1029 3414 1342 3473 statuunt.
1425 3409 1535 3473 77.
1557 3408 1667 3473 78.
1710 3404 1927 3473 Atrox
1954 3406 2281 3490 prailium,
2328 3426 2467 3491 quo
2511 3408 2743 3475 Ceria-

541 3507 651 3585 lis,
677 3508 872 3572 initio
897 3506 1136 3586 victus,
1157 3524 1320 3572 mox
1353 3507 1570 3572 victor
1610 3511 1829 3573 castra
1852 3507 2144 3573 hostium
2188 3509 2544 3574 exscindit.
2620 3512 2737 3577 79.

543 3606 1066 3692 Agrippinenses
1111 3629 1154 3673 a
1197 3608 1550 3675 Germanis
1589 3608 1989 3675 desciscunt.
2074 3608 2182 3673 80.
2227 3608 2581 3677 Mucianus
2609 3610 2741 3677 Vi·-

544 3710 708 3777 tellii
751 3709 958 3773 filium
1003 3709 1324 3776 interficit.
1413 3707 1741 3777 Antonius
1778 3712 2069 3791 Primus,
2114 3711 2201 3775 ad
2244 3710 2739 3795 Vespasianum

543 3810 902 3897 profectus,
931 3830 1062 3877 non
1088 3832 1210 3896 pro
1231 3832 1354 3896 spe
1385 3814 1737 3897 excipitur.
1822 3814 1933 3879 81.
1976 3812 2212 3878 Multis
2236 3813 2573 3877 miraculis
2598 3832 2743 3879 coe-

544 3910 733 3976 lestis
759 3913 830 3975 in
857 3908 1355 3996 Vespasianum
1383 3914 1576 3979 favor
1597 3918 1917 3983 ostensus.
2006 3913 2167 3997 Ipse
2211 3914 2551 3979 oculorum
2580 3912 2741 3977 tabe

547 4018 801 4093 notum,
847 4014 1054 4079 alium
1095 4032 1294 4079 manu
1336 4032 1610 4095 aegrum,
1641 4014 1910 4079 sanitati
1937 4015 2241 4079 restitnit.
2324 4014 2437 4079 82.
2480 4010 2739 4079 Confir-

547 4116 764 4181 matur
815 4114 1032 4185 omine
1085 4116 1154 4185 iu
1211 4116 1458 4203 templo
1533 4114 1905 4204 Serapidis,
1960 4116 2155 4204 cujus
2234 4114 2349 4183 88.
2398 4114 2505 4182 84.
2548 4113 2741 4201 origo
