3209 4925
1270 381 1351 435 ’0.
1396 381 1595 436 GOBN
1605 382 1764 434 81211
1799 379 2062 434 'raelvt

2455 386 2550 453 [s.
2571 385 2640 441 u.
2663 391 2784 440 aa.

571 531 749 596 neris
802 527 1006 593 animi
1058 531 1370 612 excepta,
1426 545 1581 591 cum
1621 527 1920 592 Tribuno
1973 522 2366 605 insultanti)¹
2407 531 2430 562 ‘
2457 545 2534 592 se
2559 533 2783 592 tamen

575 625 1074 714 Imperatorem¹
1120 631 1265 712 ejus
1311 629 1562 708 fuisse,’
1590 629 1957 714 respondit.
2043 626 2152 692 Ac
2201 628 2434 692 deinde
2472 629 2788 711 ingestis·

574 841 1528 904 dousditu,eantribuuulaaeui
1557 841 1899 905 §ammaim
1929 837 2787 905 respondit,aetameaprindpe-

1580 1003 1798 1054 NOTAE

576 1121 803 1173 Galbam
827 1122 1175 1188 desiderabat,
1206 1131 1298 1174 aut
1337 1129 1512 1188 partes
1533 1138 1646 1174 eas-

582 1197 720 1257 dem,
742 1197 1061 1264 similemque
1087 1199 1451 1264 principatum.

643 1273 765 1323 Ma
788 1275 1061 1341 Gemonias]
1092 1277 1239 1326 Suet.
1258 1276 1370 1325 vit.
1387 1280 1467 1324 17.
1500 1280 1517 1305 ‘
1537 1276 1648 1324 Do·

580 1363 679 1400 nec
702 1351 935 1413 religatis
961 1361 1077 1416 post
1102 1359 1252 1416 terga
1284 1351 1533 1412 manibus,
1572 1351 1646 1399 in·

571 1427 719 1489 jecto
737 1428 1024 1477 cervicibus
1041 1431 1243 1492 laqueo,
1260 1436 1402 1477 veste
1418 1427 1652 1490 discissa,

582 1503 879 1552 seminudus
904 1505 955 1552 in
988 1503 1157 1554 forum
1182 1510 1377 1554 tractus
1397 1510 1495 1562 est,
1514 1503 1653 1554 inter

584 1593 770 1644 magna
808 1595 979 1629 rerum
1002 1581 1379 1644 verborumque
1410 1577 1652 1637 ludibria,

586 1667 683 1718 per
698 1660 865 1704 totum
884 1655 983 1703 viae
1003 1669 1163 1704 sacra!
1179 1655 1422 1719 spatium,
1434 1654 1656 1704 reducta

588 1743 736 1780 coma
760 1745 789 1779 a
806 1730 1001 1793 capite,
1023 1745 1117 1779 ceu
1139 1730 1277 1778 noxii
1298 1731 1484 1792 solent,
1498 1736 1656 1794 atque

588 1805 745 1854 etiam
768 1811 947 1853 mento
965 1819 1208 1854 mucrone
1226 1803 1383 1868 gladii
1400 1803 1656 1870 subjecto,

590 1886 652 1928 ut
674 1878 941 1928 visendam
982 1879 1243 1943 praeberet
1278 1877 1487 1943 faciem,
1522 1893 1656 1930 neve

588 1953 958 2015 submitteret;
1026 1954 1331 2020 quibusdam
1392 1969 1540 2005 coeno
1602 1963 1658 2005 et

586 2035 822 2080 stercore
874 2031 1270 2092 lacessentibus,
1316 2031 1431 2080 aliis
1482 2031 1657 2081 incen-

589 2105 813 2156 diarium
829 2113 885 2155 et
906 2107 1213 2170 patinarium
1226 2106 1656 2168 vociferantibus3

590 2189 744 2246 parte
773 2183 913 2246 vulgi
954 2184 1113 2233 etiam
1154 2183 1385 2248 corporis
1408 2184 1535 2234 vitia
1568 2199 1659 2234 ex-

591 2258 909 2323 probrantc;
944 2266 1061 2308 erat
1096 2259 1231 2308 enim
1270 2259 1323 2308 in
1351 2273 1413 2309 eo
1438 2260 1660 2309 enormis

593 2334 903 2397 proceritas,
925 2333 1085 2384 facies
1120 2334 1323 2397 rubida,
1358 2335 1664 2398 plerumque

594 2421 661 2456 ex
682 2409 985 2471 vinolentia,
1003 2415 1185 2458 venter
1208 2409 1417 2474 obesus,
1440 2410 1665 2458 alterum

593 2483 765 2534 femur
802 2484 1087 2548 subdebile,
1120 2484 1343 2548 impulsu
1382 2484 1504 2534 olim
1540 2498 1664 2548 qua-

594 2558 779 2622 drigae,
802 2574 919 2609 cum
952 2560 1214 2622 auriganti
1248 2560 1373 2610 Caio
1410 2560 1666 2608 ministras

596 2638 765 2683 torem
789 2633 1103 2683 exhiberet?

661 2708 686 2742 Β
722 2710 933 2760 'Il-ibam
964 2709 1241 2772 insultanti]
1274 2709 1377 2761 Qui
1407 2710 1666 2773 tribunus,

598 2793 659 2836 ut
697 2793 848 2850 puto,
886 2785 1137 2836 immissus
1168 2784 1343 2835 suerat
1380 2802 1412 2835 a
1444 2787 1664 2837 ducibus

600 2860 879 2919 Flavianis,
927 2868 991 2911 ut
1040 2866 1457 2925 perscrutaretur
1499 2861 1665 2911 Vitel-

598 2935 741 2997 lium,
762 2936 1009 3001 illumque
1032 2936 1317 2987 occideret.
1372 2937 1511 2987 Nam
1533 2938 1666 2987 tales

598 3012 775 3061 eoedes
798 3012 1017 3062 tribunis
1040 3013 1448 3078 imperabantur,
1483 3020 1546 3063 nt
1578 3028 1667 3078 pa-

598 3094 683 3139 tet
703 3088 771 3138 de
794 3088 1034 3154 Agrippa
1055 3090 1321 3155 Postumo,
1344 3090 1411 3139 de
1452 3091 1667 3139 Messal-

603 3164 728 3215 lina.
778 3165 849 3214 Et
871 3164 1027 3214 etiam
1051 3164 1119 3214 de
1136 3165 1460 3228 Britannico,
1480 3165 1565 3215 cui
1582 3180 1668 3215 ve·

600 3256 789 3293 uenum
830 3248 1068 3307 paratum
1108 3257 1139 3291 a
1174 3244 1419 3305 Locusta,
1458 3242 1551 3299 sed
1582 3242 1670 3307 ju-

600 3319 759 3369 bente
796 3326 854 3369 et
891 3319 1135 3381 exigente
1169 3318 1375 3368 tribuno
1412 3319 1668 3382 praetoriae

601 3394 849 3444 cohortis.
914 3394 1051 3444 Item
1092 3394 1159 3443 de
1204 3394 1483 3444 Plautiano
1526 3394 1667 3457 apud

602 3468 979 3530 Herodianum,
1000 3468 1097 3518 sub
1118 3469 1313 3519 Severo
1336 3470 1591 3533 principe.

672 3544 880 3595 'stim
898 3544 1169 3608 manti]
1203 3545 1343 3595 Huic
1362 3545 1591 3609 tribuno,
1613 3560 1670 3597 se

602 3627 779 3671 tamen
820 3620 1183 3683 imperatorem
1222 3621 1337 3684 ejus
1378 3620 1555 3683 fuisse,
1590 3637 1671 3672 re-

601 3698 829 3761 spondit.
893 3696 1041 3747 Idem
1064 3697 1149 3747 ille
1171 3697 1306 3747 haud
1330 3698 1489 3748 dabie
1508 3700 1672 3749 tribu-

602 3786 698 3823 nus
719 3779 820 3835 est,
838 3772 1009 3823 Julius
1028 3772 1137 3822 scil.
1162 3772 1425 3835 Placidus,
1446 3774 1670 3838 quicum

604 3864 635 3899 e
658 3849 861 3900 latebra
880 3848 1131 3909 extraxit,
1152 3854 1207 3898 et
1230 3850 1319 3913 qui
1356 3862 1493 3898 nunc
1516 3848 1564 3899 ei
1594 3850 1672 3898 in·-

604 3926 787 3976 sultat.

670 4000 788 4049 Hoc
827 4000 964 4064 dico,
1000 4001 1122 4065 quia
1156 4005 1387 4065 vertunt,
1424 4008 1672 4065 tanquam

612 4075 750 4125 alter
788 4078 1027 4127 tribunus
1064 4083 1203 4126 esset
1238 4074 1305 4125 ab
1344 4092 1407 4126 eo
1444 4076 1533 4143 qui
1556 4091 1673 4127 eum

610 4150 811 4213 reperit
863 4152 1193 4217 extraxitque
1240 4166 1271 4201 e
1314 4152 1533 4215 latebra,
1584 4166 1678 4201 sen

609 4224 857 4277 eubiculo
890 4224 1153 4291 janitoris,
1182 4242 1289 4293 quo
1310 4241 1367 4277 se
1387 4228 1680 4292 abdiderat,

1725 1124 1919 1176 culcita
1937 1121 2134 1173 foribus
2154 1120 2416 1188 opposita.

1795 1199 2000 1249 bibano
2019 1197 2294 1261 iaultaafi]
2323 1197 2500 1247 Vertit
2521 1196 2792 1260 Interpres

1727 1276 1870 1326 Gall.
1891 1276 2036 1340 quasi
2077 1274 2204 1323 alius
2224 1280 2362 1324 esset
2383 1289 2414 1322 a
2435 1273 2646 1322 tribuno
2669 1274 2794 1324 Pla·

1729 1352 1866 1410 cido,
1886 1359 1942 1400 et
1963 1353 2110 1415 quasi
2134 1352 2186 1398 iu
2207 1351 2410 1420 Vitellii
2433 1351 2666 1400 exercitu
2685 1364 2796 1399 me·

1733 1427 1916 1476 ruisset
1940 1426 2176 1475 tribunus
2193 1427 2296 1476 ille.
2347 1427 2509 1475 Forte
2533 1427 2605 1475 sic
2631 1426 2802 1490 cepit,

1733 1502 1856 1564 quia
1889 1500 2122 1564 objectat
2161 1500 2237 1548 illi
2259 1499 2531 1550 Vitellius:
2565 1501 2586 1527 ⁸
2607 1500 2678 1549 Se
2717 1506 2798 1549 ta-

1731 1593 1851 1627 men
1873 1577 1986 1641 ejus
2007 1577 2370 1641 imperatorem
2393 1575 2594 1626 fuisse.’

1799 1653 1902 1702 Sed
1923 1658 2073 1716 puto,
2096 1652 2233 1701 idem
2256 1652 2494 1702 tribunus
2516 1657 2616 1714 est,
2641 1665 2674 1700 a
2695 1665 2800 1716 quo

1729 1729 2028 1793 protrahitur
2039 1727 2274 1778 Vitellius
2289 1745 2302 1777 ε
2339 1729 2424 1778 cui
2443 1727 2653 1777 tribuno
2663 1725 2799 1776 baud

1737 1807 1894 1856 dabie
1931 1808 2188 1870 imperata
2231 1814 2347 1856 erat
2385 1807 2560 1856 coedes
2581 1804 2805 1867 Vitellii,

1737 1884 1821 1932 vel
1842 1896 1874 1934 a
1893 1883 2158 1948 Muciano,
2181 1883 2264 1932 vel
2287 1883 2354 1933 ab
2377 1882 2624 1946 Antonio,
2648 1881 2802 1930 simul

1738 1965 1794 2007 et
1813 1957 1880 2008 ab
1901 1958 2012 2008 aliis
2033 1957 2250 2007 ducibus
2273 1957 2532 2020 partium„

1803 2033 1920 2083 Nec
1957 2031 2142 2093 refert,
2179 2031 2508 2096 respondisse
2533 2031 2801 2081 Vitellium

1738 2109 1965 2172 tribuno,
1983 2109 1999 2136 ‘
2015 2123 2072 2159 se
2097 2116 2274 2158 tamen
2297 2110 2406 2172 ejus
2435 2109 2804 2172 imperatorem

1737 2182 1930 2234 fuisse)
1987 2184 2123 2233 Nam
2145 2185 2244 2232 hoe
2263 2197 2442 2233 verum
2462 2181 2563 2232 fuit
2578 2180 2646 2231 de
2665 2179 2808 2230 omni

1741 2259 1946 2310 omniuo
1983 2259 2148 2310 milite
2179 2259 2332 2308 Rom.
2365 2269 2806 2323 quorumcumque

1739 2342 2041 2396 castrorum,
2063 2341 2154 2385 aut
2183 2334 2414 2398 partium
2445 2331 2596 2382 foret.
2665 2330 2804 2380 Nam

1742 2411 1938 2470 electus
1960 2410 2204 2460 Vitellius
2240 2421 2302 2458 ac
2329 2408 2498 2459 victor
2535 2413 2660 2457 ante
2677 2407 2806 2456 ve·-

1741 2486 2036 2550 pasianum:
2062 2485 2327 2535 etVitellii
2349 2489 2670 2533 sacramento
2687 2496 2808 2532 suas

1742 2562 1904 2611 etiam
1936 2560 2164 2624 legiones
2193 2561 2536 2626 cohortesque
2559 2559 2810 2623 adegerat

1741 2636 2096 2700 Vespasianus
2113 2636 2166 2685 in
2192 2635 2431 2685 Oriente.

1809 2714 1964 2762 Certe
1979 2717 2251 2773 amputata
2268 2711 2408 2760 auris
2421 2711 2564 2763 Julio
2577 2710 2813 2774 Placido,

1745 2802 1861 2837 cum
1901 2788 2135 2836 traheret
2153 2787 2448 2846 Vitellium3
2483 2801 2641 2851 quare
2671 2785 2810 2837 forte

1744 2878 1904 2928 usque
1939 2862 2004 2911 ad
2045 2864 2208 2913 scalas
2233 2862 2515 2913 Gemonias
2549 2876 2670 2912 eum
2707 2876 2812 2911 nou

1743 2946 1824 2989 est
1846 2947 2170 3005 prosecutus,
2189 2940 2280 2989 sed
2301 2940 2552 2989 militibus
2571 2938 2810 2989 tradidit.

1808 3015 2056 3065 Attamen
2079 3015 2217 3065 forte
2252 3016 2370 3064 ideo
2402 3016 2563 3077 magis
2597 3014 2816 3064 insulta-

1746 3091 1824 3140 vit
1844 3089 2084 3152 Vitellio,
2122 3100 2178 3141 et
2199 3093 2453 3141 manti
2483 3091 2581 3140 boc
2602 3104 2818 3155 respon·

1749 3167 1826 3218 dit
1846 3167 2104 3217 Vitellius.
2172 3168 2290 3217 Nec
2329 3167 2526 3216 cedem
2568 3168 2684 3230 ejus
2723 3167 2816 3216 lm-

1749 3242 2040 3307 perfectam
2063 3251 2258 3292 temere
2275 3243 2546 3307 reliquerit
2563 3242 2818 3305 tribunus,

1752 3327 1810 3370 ut
1830 3320 1913 3370 cui
1933 3321 2186 3385 imperata
2207 3328 2346 3369 esset
2367 3334 2398 3369 a
2418 3320 2820 3384 dominantibus,

1749 3402 1842 3445 aut
1869 3402 2015 3445 certe
2053 3411 2086 3445 a
2117 3396 2378 3460 magistris
2415 3396 2816 3461 dominatio-iu

1749 3487 1876 3538 quos
1945 3471 2212 3535 offendere
2278 3472 2596 3523 exitiabilins
2659 3474 2818 3539 foret,

1749 3564 1906 3615 quam
1927 3548 2094 3611 ipsum
2117 3548 2502 3611 imperatorem.

1831 3624 1926 3676 ’δε
1943 3632 2103 3676 tamea
2123 3626 2480 3691 Imperatorem]
2503 3628 2588 3676 Sic
2607 3640 2820 3690 respon-

1751 3702 1863 3752 deri
1885 3702 2018 3751 solet
2039 3718 2158 3752 cum
2181 3704 2287 3753 sale
2309 3709 2366 3752 et
2389 3704 2482 3763 ira,
2502 3708 2679 3753 umen.
2731 3702 2820 3753 Sic

1749 3792 1872 3827 mox
1888 3779 2256 3841 Vespasianus,
2287 3782 2303 3807 ‘
2329 3779 2582 3829 Licinium
2623 3778 2823 3828 Mucia-

1751 3866 1871 3901 num
1909 3860 2047 3902 noue
2083 3852 2443 3915 impudicitia,
2479 3854 2570 3903 sed
2613 3853 2828 3903 merito·

1750 3940 1864 3975 rum
1901 3926 2092 3975 fiducia
2129 3928 2296 3976 miuus
2333 3928 2410 3976 sui
2453 3926 2822 3991 revereatcm‚'

1749 4002 1828 4051 ita
1849 4004 2143 4065 retaxabat,
2173 4012 2234 4052 ut
2255 4006 2272 4033 ⁴
2297 4004 2517 4053 adderet
2535 4004 2782 4054 clausulae
2803 4019 2822 4054 z

1753 4080 1864 4143 Ego
1889 4084 2059 4129 tamen
2079 4081 2160 4129 vir
2181 4078 2330 4129 snm!

1821 4161 1858 4188 Ι·
1891 4154 2128 4219 lugeatis]
2167 4154 2390 4208 Quintil.
2413 4156 2568 4205 Decl.
2589 4160 2643 4207 6.
2675 4156 2694 4185 ‘
2720 4156 2824 4205 Pe-

1759 4232 1972 4296 pert-isti
2013 4232 2155 4297 mihi,
2209 4232 2466 4297 quomodo
2516 4231 2824 4297 excogitant
